2575 4225
404 276 445 337 4
1101 273 1574 353 Prolegomena.

403 452 586 514 nasio
655 450 916 514 addicta
981 450 1150 514 inter
1206 451 1384 513 varia
1441 449 1710 513 Lutheri
1772 449 2008 529 scripta
2068 449 2281 513 adhuc

401 540 648 603 inculta
712 539 911 603 etiam
971 539 1417 622 praelectionis
1476 539 1548 601 in
1606 539 1841 601 Oseam
1900 541 2281 621 prophetam

400 629 773 711 exemplum
818 649 859 690 a
903 628 1231 711 Stephano
1275 627 1531 704 Rothin,
1579 627 1641 689 S.
1675 628 1744 689 P.
1778 627 1854 701 Q.
1892 629 2281 705 Gygi-secusia

403 718 613 782 scriba
657 718 727 780 in
773 716 934 799 ipsis
979 718 1215 781 scholis
1259 716 1538 799 publicis
1591 737 1676 780 ex
1717 737 1824 781 ore
1872 717 2136 777 Lutheri
2180 737 2277 777 ex-

402 813 664 889 ceptum
694 807 1124 887 investigavit.
1194 807 1375 870 Inest
1403 805 1610 869 codici
1641 804 1772 868 MS.
1805 805 1888 867 H.
1924 805 2000 881 I..
2052 805 2285 885 legitur

398 896 552 959 inde
584 916 624 958 a
653 896 809 959 folio
832 896 1028 958 CVII.
1062 896 1289 975 (recto)
1320 915 1526 975 usque
1557 894 1641 957 ad
1662 894 1892 957 folium
1924 893 2281 957 CXXXIU.

400 984 733 1064 (versum).
826 984 1099 1048 Rothius
1157 1004 1327 1065 quae
1386 1003 1471 1047 ex
1527 1004 1636 1047 ore
1691 982 1980 1063 magistri
2036 985 2289 1049 audivit

400 1074 597 1137 verba
624 1073 1096 1154 qualiacunque
1142 1075 1366 1136 omnia
1401 1073 1711 1144 inunum
1748 1071 1987 1134 librum
2016 1073 2281 1153 redegit.

400 1161 729 1226 Praecedit
795 1163 995 1225 Oseae
1071 1162 1143 1225 in
1222 1161 1441 1225 codice
1517 1160 1712 1224 modo
1790 1161 1984 1225 citato
2060 1165 2285 1229 concio

399 1251 667 1314 Lutheri
711 1250 818 1313 die
865 1250 1192 1314 dominica
1218 1251 1590 1315 Palmarum
1619 1250 1988 1317 MDXXIV.
2036 1249 2281 1325 hahita,

402 1339 695 1420 sequitur
738 1339 1234 1420 praelectionem
1288 1345 1578 1404 nostram
1623 1338 1846 1402 concio
1900 1337 2004 1401 die
2060 1345 2285 1405 octava

400 1433 548 1510 post
575 1428 979 1491 Pentecostes
1023 1428 1268 1491 habita.
1360 1428 1719 1491 Lutherum
1748 1427 1980 1490 Oseam
2012 1429 2281 1509 prophe-

399 1522 536 1580 tam
580 1516 734 1579 inde
780 1538 820 1579 a
863 1516 1028 1580 festo
1074 1517 1355 1580 Paschae
1399 1535 1605 1597 usque
1652 1516 1736 1579 ad
1771 1515 2020 1587 ,festum
2062 1517 2281 1581 Pente-

401 1611 722 1669 costarum
767 1606 1139 1670 MDXXIV.
1187 1606 1559 1669 tractavisse
1604 1604 1738 1668 iam
1784 1613 2052 1669 constat.

577 1694 769 1757 Hanc
813 1714 964 1774 ergo
993 1694 1491 1775 praelectionem
1535 1694 1609 1756 in
1639 1694 1763 1757 hac
1792 1701 2012 1758 nostra
2040 1697 2281 1761 codicis

401 1783 684 1847 editione
762 1782 1054 1865 principe
1140 1783 1351 1864 priore
1426 1784 1567 1846 loco
1637 1785 1996 1846 secundum
2064 1785 2285 1849 Rothii

400 1871 668 1936 schedas
737 1872 822 1934 ad
889 1872 1087 1934 fidem
1145 1871 1490 1936 verborum
1548 1892 1625 1938 ac
1667 1872 1996 1935 literarum
2064 1893 2104 1933 a
2148 1873 2281 1937 Lic.

398 1962 508 2025 Dr.
533 1960 921 2025 Buchwaldo
952 1961 1305 2042 exscriptas
1328 1961 1733 2037 collocamu8‚
1765 1960 1932 2025 inter
1964 1981 2208 2025 comme
2216 1985 2281 2025 11-

398 2050 594 2115 tarios
653 2050 852 2114 Oseae
911 2051 1262 2133 prophetae
1321 2049 1589 2114 Lutheri
1654 2049 1916 2114 nomine
1996 2053 2281 2134 insignes

399 2160 563 2221 opus
591 2134 998 2224 γνησιότερον
1026 2140 1156 2216 ino,
1189 2139 1366 2220 quod
1396 2139 1589 2203 Vitus
1614 2139 1992 2202 Theodorus
2020 2138 2285 2226 γνήσιον

400 2247 537 2291 esse
582 2227 831 2291 minore
876 2228 1014 2290 iure
1061 2227 1417 2291 contendit.
1510 2229 1636 2290 Res
1681 2228 1775 2290 ita
1820 2248 1888 2291 se
1932 2230 2156 2306 hahet,
2208 2240 2285 2294 ut

401 2315 902 2380 commentarius
945 2316 1151 2380 maior
1196 2335 1348 2379 cum
1392 2315 1722 2380 additione
1751 2317 2016 2382 Lutheri
2060 2338 2096 2382 a
2128 2322 2281 2382 vito

398 2404 732 2468 Theodoro
778 2405 1105 2471 MDXLV.
1152 2405 1596 2487 promulgatus
1643 2424 1806 2487 opus
1848 2402 2108 2490 γνήσιον
2152 2410 2277 2470 Me*

400 2493 711 2574 galandri,
738 2494 1238 2558 commentarius
1261 2515 1303 2560 a
1324 2495 1577 2558 Thema
1598 2494 1880 2558 Vuolffio
1904 2498 2221 2558 MDXXY
2229 2498 2277 2558 Ι.

400 2582 613 2646 editus
660 2602 824 2664 opus
860 2577 1294 2667 ¹punctatimgov,
1344 2583 1845 2649 commentarius
1892 2582 2281 2666 Cygneenflifl

401 2693 440 2733 a
455 2670 689 2734 Rothio
714 2670 1074 2753 descriptus
1098 2692 1261 2753 opus
1277 2667 1685 2756 γνησιόταων
1709 2671 1793 2736 sit
1815 2674 2277 2738 aestimandus.

398 2759 655 2823 Summi,
710 2759 907 2838 igitur
951 2761 1265 2829 momenti
1333 2767 1432 2824 est
1489 2761 1574 2823 ad
1632 2762 2140 2841 cognoscendam
2204 2782 2281 2826 ac

398 2847 884 2910 diiudicandam
912 2848 1180 2912 Lutheri
1223 2849 1305 2912 de
1342 2849 1467 2912 hoc
1512 2851 1829 2932 propheta
1872 2854 2273 2914 sentenffiffln.

397 2937 478 2998 In
524 2936 744 3003 codice
773 2937 1270 3017 Altenburgensi
1317 2957 1357 2999 a
1401 2958 1508 3000 me
1552 2944 1803 3020 reperto
1837 2939 1900 3002 X
1932 2942 2277 3022 prophetas

397 3025 679 3089 minores
725 3026 1202 3107 complectente·
1234 3026 1432 3089 Oseas
1478 3025 1675 3090 deest.

576 3114 1044 3182 Adnotationes
1088 3114 1160 3177 in
1188 3115 1479 3195 margine
1509 3121 1764 3179 nostrae
1803 3118 2100 3182 editionis
2136 3138 2273 3178 enn-

400 3202 662 3284 spicuae
709 3209 959 3283 praeter
1025 3223 1331 3267 versuum
1397 3203 1782 3268 biblicorum
1850 3214 1916 3266 et
1976 3206 2277 3270 fclinmm

399 3290 638 3355 codicis
669 3292 1219 3355 enumerationem
1261 3291 1513 3355 scholas
1543 3294 1976 3373 marginales*
1960 3318 2024 3358 m
2060 3294 2277 3358 cadiae.

398 3380 619 3453 obvias
645 3379 1016 3443 “denotant.
1104 3379 1423 3460 Syllabas
1501 3382 1757 3445 uncinis
1817 3384 1884 3446 in
1892 3386 2096 3446 clusas
2144 3386 2273 3446 Lic.

399 3470 507 3531 Dr.
539 3467 927 3532 Buchwaldo
975 3474 1228 3532 auctore
1271 3468 1357 3530 ad
1388 3475 1762 3534 contextum
1792 3474 1928 3534 cod
1916 3494 2028 3534 11:13
2060 3474 2273 3534 abhre

399 3556 647 3622 viatum
695 3556 1027 3639 aptissime
1073 3557 1454 3641 poliendum
1499 3558 1752 3623 additas
1800 3580 1940 3623 esse·
1988 3562 2168 3622 finias.

1740 3684 1791 3746 I'.
1840 3685 1932 3758 L„
1984 3686 2056 3746 D.
