2575 4225
528 269 650 350 -Caput
671 271 813 352 primum

578 441 729 512 OAPV'P
753 443 784 510 Ι.

526 589 673 651 Verbum
696 588 832 651 domini.

302 694 461 758 Dominus
499 696 624 776 egregie
659 696 757 759 stulto
791 694 922 758 exordio
956 694 1074 772 utitur,
1114 701 1154 758 ut

214 783 353 846 irritaret
374 783 478 865 magis
501 784 642 847 furorem
665 782 777 865 populi
800 785 836 845 in
858 784 983 846 Ossam.
1148 783 1151 788 ’

527 943 618 1006 Vade
642 962 734 1006 sume
756 943 827 1005 tibi.

213 1050 260 1113 ⁴n
283 1019 345 1114 hoc
367 1056 458 1114 textu
481 1050 673 1132 explicando
696 1054 858 1134 torserunt
877 1067 911 1110 se
927 1049 1044 1129 plures.
1072 1049 1149 1111 Hie-

253 1160 408 1221 ronymus
436 1141 546 1220 lapsus
569 1138 794 1219 tolerabiliter,
831 1137 858 1200 si
885 1137 1150 1200 scholasticorum

132 1276 135 1280 Δ
212 1249 314 1309 nugas
337 1223 525 1309 respicias,1
553 1229 610 1307 qui
633 1227 747 1290 dicunt
770 1232 975 1307 proeceptum
999 1245 1083 1302 esse,
1112 1233 1150 1288 ut

211 1318 450 1379 fornicaremur.
490 1310 553 1378 sed
568 1336 643 1379 cum
658 1317 738 1378 haee
754 1315 861 1379 futilia
883 1321 915 1378 et
933 1314 1151 1378 intolerabilia

211 1405 285 1481 sint,
309 1405 410 1467 missa
431 1405 597 1468 faciamus.
643 1406 862 1484 Hieronymus
878 1404 932 1480 ait,
957 1403 1150 1485 prophetam

210 1500 350 1556 scortum
385 1494 532 1570 duxisse,
571 1499 605 1556 at
638 1513 722 1575 quae
756 1498 868 1574 postea
901 1498 987 1555 caste
1021 1493 1166 1556 vixerit

210 1583 292 1643 Mihi
314 1581 454 1659 videtur,
478 1582 525 1644 ibi
548 1583 713 1664 proprium
736 1602 856 1644 nomen
878 1601 947 1644 esse
970 1576 1143 1657 mulieris,²

210 1673 292 1732 sicut
315 1671 409 1747 infra,
433 1692 498 1733 non
521 1673 660 1752 populus
683 1691 784 1746 meus,
809 1690 875 1732 non
896 1668 1148 1732 misericordiam

193 1766 285 1835 etc,
321 1766 358 1822 ut
380 1760 497 1822 mulier
523 1761 578 1822 illa
605 1760 790 1835 fornicaria,
822 1765 854 1822 et
880 1758 938 1820 filii
966 1778 1006 1820 ex
1035 1764 1147 1840 stupro

208 1849 309 1928 geniti
330 1849 366 1910 in
388 1850 449 1911 hoc
472 1849 644 1911 fornicario
671 1849 807 1932 populo,
836 1847 1019 1910 idolatriam
1051 1848 1146 1928 signi-

208 1938 325 2000 ficaret.
372 1938 406 1999 Si
429 1939 503 2020 quis
522 1938 569 2000 ita
583 1937 785 2013 intellexerit,
811 1936 903 1999 facile
927 1955 995 1999 sese
1019 1936 1147 2021 abistis

207 2026 452 2089 difficultatibus
464 2027 647 2108 explicabit,
661 2045 741 2106 quas
754 2026 935 2088 scholastici
942 2031 1145 2106 pepererunt.

418 2204 502 2277 Quia
524 2204 686 2267 fornicans
709 2205 929 2268 fornicabitur.

257 2333 314 2373 rao
341 2334 394 2375 mr
422 2312 503 2373 ratio
531 2311 747 2393 superiorum,
780 2310 1056 2392 quemadmodum
1087 2312 1145 2375 im—

271 2399 390 2482 pudica
418 2399 586 2463 carnaliter
613 2401 789 2463 fornicatur
812 2420 831 2461 a
852 2400 969 2463 marito
992 2419 1068 2477 su0,
1098 2401 1146 2463 ita

206 2490 324 2566 anima,
349 2509 431 2570 quae
454 2490 521 2552 solo
543 2491 639 2552 verbo
656 2489 708 2552 dei
731 2489 882 2571 pascitur,
907 2489 1080 2553 deflectens
1103 2490 1146 2552 ab

206 2599 243 2640 eo
267 2579 309 2640 ad
332 2577 493 2641 doctrinas
515 2580 685 2655 humanas,
710 2577 828 2641 dicitur
851 2571 1030 2641 fornicari³

418 2755 507 2818 Vooa
529 2775 649 2818 nomen
672 2755 740 2818 eius
763 2750 918 2819 Istrahel!

240 2882 315 2924 nrvs
349 2862 410 2925 iste
437 2882 608 2943 personam
640 2863 723 2943 gerit
745 2861 892 2925 omnium
914 2862 1142 2939 Israelitarum,

254 2950 335 3013 dicit
356 2950 445 3013 enim
468 2970 502 3014 se
525 2951 729 3015 visitaturum
752 2950 944 3031 sanguinem
967 2946 1139 3014 Iezrahel.⁴

204 3041 251 3102 Ne
266 3041 340 3120 quis
355 3041 391 3103 in
405 3039 549 3121 legendis
565 3040 730 3121 prophetis
746 3046 896 3116 moretur,
914 3040 994 3103 sciat
1005 3059 1142 3119 regnum

203 3128 325 3190 Israhel
346 3129 496 3191 bifariam
520 3149 588 3191 esse
612 3123 791 3193 divisum⁵z
822 3128 862 3190 In
890 3148 1025 3208 regnum
1048 3128 1140 3204 luda,

204 3216 292 3298 quod
330 3217 467 3279 duarum
500 3217 645 3280 tribuum
680 3223 763 3293 erat,
798 3223 831 3280 et
864 3236 998 3279 numero
1028 3216 1142 3298 populi

204 3306 373 3387 exiguum:
398 3311 431 3367 et
452 3325 588 3386 regnum
609 3306 720 3382 Israel,
745 3306 831 3387 quod
854 3326 895 3368 ex
917 3305 1066 3368 tribubus
1089 3305 1141 3367 de·

204 3413 273 3459 cem
297 3395 474 3458 constabat.
934 3410 938 3415 ·

292 3604 320 3672 1)
339 3604 437 3672 Nugae
450 3604 689 3659 Scholasticorum
701 3602 899 3672 impiissimae.
930 3602 958 3672 2)
976 3601 1136 3657 Fomicaria

201 3674 351 3743 proprium
363 3692 477 3730 nomen.
514 3675 543 3744 3)
562 3674 923 3745 Fornioariinscripturis.
959 3673 988 3742 4)
1001 3673 1138 3727 Iemhel·

56 3760 99 3847 ..33
202 3744 231 3814 s)
249 3746 381 3813 aeguum
398 3747 488 3801 rma
505 3746 639 3801 branam
658 3746 793 3801 erasum.
