<?xml version="1.0" encoding="UTF-8"?>
<!DOCTYPE html PUBLIC "-//W3C//DTD XHTML 1.0 Transitional//EN"
    "http://www.w3.org/TR/xhtml1/DTD/xhtml1-transitional.dtd">
<html xmlns="http://www.w3.org/1999/xhtml" xml:lang="en" lang="en">
 <head>
  <title>
</title>
<meta http-equiv="Content-Type" content="text/html;charset=utf-8" />
  <meta name='ocr-system' content='tesseract 3.04.00' />
  <meta name='ocr-capabilities' content='ocr_page ocr_carea ocr_par ocr_line ocrx_word'/>
</head>
<body>
  <div class='ocr_page' id='page_1' title='image "./exegeticaoperal13luthgoog_0443.png"; bbox 0 0 2575 4225; ppageno 0'>
   <div class='ocr_carea' id='block_1_1' title="bbox 217 276 864 360">
    <p class='ocr_par' dir='ltr' id='par_1_1' title="bbox 217 276 864 360">
     <span class='ocr_line' id='line_1_1' title="bbox 217 276 864 360; baseline -0.008 -17"><span class='ocrx_word' id='word_1_1' title='bbox 217 278 283 343; x_wconf 79' lang='lat'>432</span> <span class='ocrx_word' id='word_1_2' title='bbox 510 276 614 360; x_wconf 80' lang='lat' dir='ltr'>Caput</span> <span class='ocrx_word' id='word_1_3' title='bbox 635 276 864 341; x_wconf 84' lang='lat' dir='ltr'>duodecimum</span> 
     </span>
    </p>
   </div>
   <div class='ocr_carea' id='block_1_2' title="bbox 218 453 1157 625">
    <p class='ocr_par' dir='ltr' id='par_1_2' title="bbox 218 453 1157 625">
     <span class='ocr_line' id='line_1_2' title="bbox 218 453 1157 569; baseline -0.004 -47"><span class='ocrx_word' id='word_1_4' title='bbox 218 455 369 569; x_wconf 72' lang='lat' dir='ltr'>contra,</span> <span class='ocrx_word' id='word_1_5' title='bbox 396 455 511 535; x_wconf 81' lang='lat' dir='ltr'>ingens</span> <span class='ocrx_word' id='word_1_6' title='bbox 532 453 633 558; x_wconf 80' lang='lat' dir='ltr'>Iudae</span> <span class='ocrx_word' id='word_1_7' title='bbox 656 453 893 519; x_wconf 87' lang='lat' dir='ltr'>commendatio</span> <span class='ocrx_word' id='word_1_8' title='bbox 920 459 952 517; x_wconf 89' lang='lat' dir='ltr'>et</span> <span class='ocrx_word' id='word_1_9' title='bbox 982 454 1157 557; x_wconf 78' lang='lat' dir='ltr'>consolatio</span> 
     </span>
     <span class='ocr_line' id='line_1_3' title="bbox 276 543 1157 625; baseline -0.003 -17"><span class='ocrx_word' id='word_1_10' title='bbox 276 552 342 622; x_wconf 87' lang='lat' dir='ltr'>est,</span> <span class='ocrx_word' id='word_1_11' title='bbox 372 543 460 625; x_wconf 86' lang='lat' dir='ltr'>quod</span> <span class='ocrx_word' id='word_1_12' title='bbox 483 543 669 607; x_wconf 75' lang='lat' dir='ltr'>dominatur</span> <span class='ocrx_word' id='word_1_13' title='bbox 691 563 766 606; x_wconf 91' lang='lat' dir='ltr'>cum</span> <span class='ocrx_word' id='word_1_14' title='bbox 789 543 866 620; x_wconf 88' lang='lat' dir='ltr'>deo,</span> <span class='ocrx_word' id='word_1_15' title='bbox 898 543 959 605; x_wconf 88' lang='lat' dir='ltr'>hoc</span> <span class='ocrx_word' id='word_1_16' title='bbox 983 548 1046 619; x_wconf 84' lang='lat' dir='ltr'>est,</span> <span class='ocrx_word' id='word_1_17' title='bbox 1080 562 1157 623; x_wconf 76' lang='lat' dir='ltr'>quia</span> 
     </span>
    </p>
   </div>
   <div class='ocr_carea' id='block_1_3' title="bbox 1266 460 1274 609">
    <p class='ocr_par' dir='ltr' id='par_1_3' title="bbox 1266 460 1274 609">
     <span class='ocr_line' id='line_1_4' title="bbox 1266 460 1274 525; baseline 0 0"><span class='ocrx_word' id='word_1_18' title='bbox 1266 460 1274 525; x_wconf 77' lang='lat' dir='ltr'>i</span> 
     </span>
     <span class='ocr_line' id='line_1_5' title="bbox 1272 532 1274 609; baseline 0 0"><span class='ocrx_word' id='word_1_19' title='bbox 1272 532 1274 609; x_wconf 80' lang='lat' dir='ltr'>l</span> 
     </span>
    </p>
   </div>
   <div class='ocr_carea' id='block_1_4' title="bbox 218 630 1274 791">
    <p class='ocr_par' dir='ltr' id='par_1_4' title="bbox 218 616 1274 791">
     <span class='ocr_line' id='line_1_6' title="bbox 218 630 1274 749; baseline -0.002 -51"><span class='ocrx_word' id='word_1_20' title='bbox 218 634 335 698; x_wconf 87' lang='lat' dir='ltr'>retinet</span> <span class='ocrx_word' id='word_1_21' title='bbox 357 652 469 696; x_wconf 88' lang='lat' dir='ltr'>verum</span> <span class='ocrx_word' id='word_1_22' title='bbox 492 633 625 708; x_wconf 88' lang='lat' dir='ltr'>cultum,</span> <span class='ocrx_word' id='word_1_23' title='bbox 651 633 728 713; x_wconf 89' lang='lat' dir='ltr'>quia</span> <span class='ocrx_word' id='word_1_24' title='bbox 750 633 849 695; x_wconf 90' lang='lat' dir='ltr'>habet</span> <span class='ocrx_word' id='word_1_25' title='bbox 870 632 1005 696; x_wconf 83' lang='lat' dir='ltr'>verbum</span> <span class='ocrx_word' id='word_1_26' title='bbox 1027 650 1157 713; x_wconf 87' lang='lat' dir='ltr'>purum,</span> <span class='ocrx_word' id='word_1_27' title='bbox 1271 630 1274 749; x_wconf 59' lang='lat' dir='ltr'>i</span> 
     </span>
     <span class='ocr_line' id='line_1_7' title="bbox 1267 751 1274 791; baseline 0 0"><span class='ocrx_word' id='word_1_28' title='bbox 1267 751 1274 791; x_wconf 73' lang='lat' dir='ltr'>r</span> 
     </span>
    </p>
   </div>
   <div class='ocr_carea' id='block_1_5' title="bbox 218 720 1171 2936">
    <p class='ocr_par' dir='ltr' id='par_1_5' title="bbox 218 720 1165 1587">
     <span class='ocr_line' id='line_1_8' title="bbox 218 720 1158 804; baseline -0.004 -17"><span class='ocrx_word' id='word_1_29' title='bbox 218 722 414 798; x_wconf 80' lang='lat' dir='ltr'><strong>dominatur,</strong></span> <span class='ocrx_word' id='word_1_30' title='bbox 437 740 497 785; x_wconf 87' lang='lat' dir='ltr'>nec</span> <span class='ocrx_word' id='word_1_31' title='bbox 519 726 627 804; x_wconf 87' lang='lat' dir='ltr'>potest</span> <span class='ocrx_word' id='word_1_32' title='bbox 648 721 799 804; x_wconf 86' lang='lat' dir='ltr'><strong>opprimi,</strong></span> <span class='ocrx_word' id='word_1_33' title='bbox 824 727 881 784; x_wconf 91' lang='lat' dir='ltr'>aut</span> <span class='ocrx_word' id='word_1_34' title='bbox 902 740 1048 785; x_wconf 80' lang='lat' dir='ltr'>corruere</span> <span class='ocrx_word' id='word_1_35' title='bbox 1070 720 1158 803; x_wconf 86' lang='lat' dir='ltr'>peni·</span> 
     </span>
     <span class='ocr_line' id='line_1_9' title="bbox 219 810 1161 891; baseline -0.003 -16"><span class='ocrx_word' id='word_1_36' title='bbox 219 819 288 888; x_wconf 87' lang='lat' dir='ltr'>tus,</span> <span class='ocrx_word' id='word_1_37' title='bbox 313 830 388 874; x_wconf 89' lang='lat' dir='ltr'>cum</span> <span class='ocrx_word' id='word_1_38' title='bbox 410 816 520 873; x_wconf 88' lang='lat' dir='ltr'>tamen</span> <span class='ocrx_word' id='word_1_39' title='bbox 542 810 640 873; x_wconf 88' lang='lat' dir='ltr'>Satan</span> <span class='ocrx_word' id='word_1_40' title='bbox 662 812 724 874; x_wconf 92' lang='lat' dir='ltr'>hoc</span> <span class='ocrx_word' id='word_1_41' title='bbox 746 811 866 891; x_wconf 91' lang='lat' dir='ltr'>ubique</span> <span class='ocrx_word' id='word_1_42' title='bbox 890 816 980 890; x_wconf 82' lang='lat' dir='ltr'>agat,</span> <span class='ocrx_word' id='word_1_43' title='bbox 1009 815 1047 873; x_wconf 92' lang='lat' dir='ltr'>ut</span> <span class='ocrx_word' id='word_1_44' title='bbox 1069 810 1161 873; x_wconf 88' lang='lat' dir='ltr'>omni</span> 
     </span>
     <span class='ocr_line' id='line_1_10' title="bbox 219 898 1161 982; baseline -0.003 -18"><span class='ocrx_word' id='word_1_45' title='bbox 219 919 334 981; x_wconf 82' lang='lat' dir='ltr'>genere</span> <span class='ocrx_word' id='word_1_46' title='bbox 372 900 533 964; x_wconf 86' lang='lat' dir='ltr'>malorum</span> <span class='ocrx_word' id='word_1_47' title='bbox 569 898 640 982; x_wconf 90' lang='lat' dir='ltr'>pios</span> <span class='ocrx_word' id='word_1_48' title='bbox 679 898 802 963; x_wconf 89' lang='lat' dir='ltr'>obruat.</span> <span class='ocrx_word' id='word_1_49' title='bbox 855 900 1015 979; x_wconf 78' lang='lat' dir='ltr'>Utrinque</span> <span class='ocrx_word' id='word_1_50' title='bbox 1061 898 1161 979; x_wconf 84' lang='lat' dir='ltr'>igitur</span> 
     </span>
     <span class='ocr_line' id='line_1_11' title="bbox 219 986 1163 1070; baseline -0.003 -17"><span class='ocrx_word' id='word_1_51' title='bbox 219 995 355 1053; x_wconf 82' lang='lat' dir='ltr'>eventus</span> <span class='ocrx_word' id='word_1_52' title='bbox 376 989 540 1052; x_wconf 84' lang='lat' dir='ltr'>mirabiles</span> <span class='ocrx_word' id='word_1_53' title='bbox 562 995 595 1051; x_wconf 86' lang='lat' dir='ltr'>et</span> <span class='ocrx_word' id='word_1_54' title='bbox 614 988 769 1070; x_wconf 78' lang='lat' dir='ltr'>insperati</span> <span class='ocrx_word' id='word_1_55' title='bbox 784 993 870 1051; x_wconf 88' lang='lat' dir='ltr'>sunt.</span> <span class='ocrx_word' id='word_1_56' title='bbox 915 987 974 1064; x_wconf 90' lang='lat' dir='ltr'>Pii,</span> <span class='ocrx_word' id='word_1_57' title='bbox 999 988 1077 1067; x_wconf 90' lang='lat' dir='ltr'>quia</span> <span class='ocrx_word' id='word_1_58' title='bbox 1092 986 1163 1050; x_wconf 88' lang='lat' dir='ltr'>odit</span> 
     </span>
     <span class='ocr_line' id='line_1_12' title="bbox 220 1076 1162 1161; baseline -0.004 -19"><span class='ocrx_word' id='word_1_59' title='bbox 220 1098 276 1142; x_wconf 86' lang='lat' dir='ltr'>eos</span> <span class='ocrx_word' id='word_1_60' title='bbox 298 1077 441 1142; x_wconf 88' lang='lat' dir='ltr'>mundus</span> <span class='ocrx_word' id='word_1_61' title='bbox 463 1084 594 1161; x_wconf 86' lang='lat' dir='ltr'>propter</span> <span class='ocrx_word' id='word_1_62' title='bbox 621 1078 856 1141; x_wconf 80' lang='lat' dir='ltr'>confessionem</span> <span class='ocrx_word' id='word_1_63' title='bbox 883 1081 916 1139; x_wconf 90' lang='lat' dir='ltr'>et</span> <span class='ocrx_word' id='word_1_64' title='bbox 941 1076 1092 1153; x_wconf 86' lang='lat' dir='ltr'>verbum,</span> <span class='ocrx_word' id='word_1_65' title='bbox 1125 1077 1162 1139; x_wconf 95' lang='lat' dir='ltr'>in</span> 
     </span>
     <span class='ocr_line' id='line_1_13' title="bbox 219 1164 1161 1250; baseline -0.001 -20"><span class='ocrx_word' id='word_1_66' title='bbox 219 1168 364 1250; x_wconf 85' lang='lat' dir='ltr'>periculo</span> <span class='ocrx_word' id='word_1_67' title='bbox 386 1173 464 1231; x_wconf 87' lang='lat' dir='ltr'>sunt</span> <span class='ocrx_word' id='word_1_68' title='bbox 486 1173 519 1231; x_wconf 91' lang='lat' dir='ltr'>et</span> <span class='ocrx_word' id='word_1_69' title='bbox 540 1166 604 1229; x_wconf 90' lang='lat' dir='ltr'>sibi</span> <span class='ocrx_word' id='word_1_70' title='bbox 629 1172 797 1242; x_wconf 88' lang='lat' dir='ltr'>metuunt,</span> <span class='ocrx_word' id='word_1_71' title='bbox 828 1165 884 1228; x_wconf 90' lang='lat' dir='ltr'>sed</span> <span class='ocrx_word' id='word_1_72' title='bbox 913 1164 1033 1228; x_wconf 86' lang='lat' dir='ltr'>frustra</span> <span class='ocrx_word' id='word_1_73' title='bbox 1059 1171 1161 1229; x_wconf 87' lang='lat' dir='ltr'>metn-</span> 
     </span>
     <span class='ocr_line' id='line_1_14' title="bbox 220 1254 1165 1332; baseline -0.003 -13"><span class='ocrx_word' id='word_1_74' title='bbox 220 1263 290 1332; x_wconf 88' lang='lat' dir='ltr'>unt,</span> <span class='ocrx_word' id='word_1_75' title='bbox 315 1256 526 1320; x_wconf 90' lang='lat' dir='ltr'>dominantur</span> <span class='ocrx_word' id='word_1_76' title='bbox 548 1256 636 1317; x_wconf 90' lang='lat' dir='ltr'>enim</span> <span class='ocrx_word' id='word_1_77' title='bbox 659 1274 734 1318; x_wconf 89' lang='lat' dir='ltr'>cum</span> <span class='ocrx_word' id='word_1_78' title='bbox 757 1254 818 1319; x_wconf 89' lang='lat' dir='ltr'>deo</span> <span class='ocrx_word' id='word_1_79' title='bbox 841 1275 908 1331; x_wconf 86' lang='lat' dir='ltr'>suo,</span> <span class='ocrx_word' id='word_1_80' title='bbox 932 1254 995 1317; x_wconf 91' lang='lat' dir='ltr'>hoc</span> <span class='ocrx_word' id='word_1_81' title='bbox 1011 1259 1070 1331; x_wconf 87' lang='lat' dir='ltr'>est,</span> <span class='ocrx_word' id='word_1_82' title='bbox 1095 1259 1165 1317; x_wconf 90' lang='lat' dir='ltr'>tam</span> 
     </span>
     <span class='ocr_line' id='line_1_15' title="bbox 222 1344 1163 1427; baseline 0 -20"><span class='ocrx_word' id='word_1_83' title='bbox 222 1364 289 1407; x_wconf 92' lang='lat' dir='ltr'>non</span> <span class='ocrx_word' id='word_1_84' title='bbox 325 1350 464 1426; x_wconf 87' lang='lat' dir='ltr'>possunt</span> <span class='ocrx_word' id='word_1_85' title='bbox 500 1344 656 1427; x_wconf 88' lang='lat' dir='ltr'>opprimi,</span> <span class='ocrx_word' id='word_1_86' title='bbox 703 1363 802 1424; x_wconf 89' lang='lat' dir='ltr'>quam</span> <span class='ocrx_word' id='word_1_87' title='bbox 845 1363 912 1406; x_wconf 88' lang='lat' dir='ltr'>non</span> <span class='ocrx_word' id='word_1_88' title='bbox 955 1348 1064 1425; x_wconf 88' lang='lat' dir='ltr'>potest</span> <span class='ocrx_word' id='word_1_89' title='bbox 1109 1362 1163 1425; x_wconf 93' lang='lat' dir='ltr'>op·</span> 
     </span>
     <span class='ocr_line' id='line_1_16' title="bbox 222 1431 1164 1513; baseline 0 -18"><span class='ocrx_word' id='word_1_90' title='bbox 222 1433 320 1513; x_wconf 90' lang='lat' dir='ltr'>primi</span> <span class='ocrx_word' id='word_1_91' title='bbox 341 1432 436 1509; x_wconf 90' lang='lat' dir='ltr'>deus,</span> <span class='ocrx_word' id='word_1_92' title='bbox 464 1433 500 1495; x_wconf 90' lang='lat' dir='ltr'>in</span> <span class='ocrx_word' id='word_1_93' title='bbox 522 1450 586 1513; x_wconf 89' lang='lat' dir='ltr'>quo</span> <span class='ocrx_word' id='word_1_94' title='bbox 609 1432 806 1509; x_wconf 46' lang='lat' dir='ltr'>confiduntf</span> <span class='ocrx_word' id='word_1_95' title='bbox 824 1438 856 1495; x_wconf 90' lang='lat' dir='ltr'>et</span> <span class='ocrx_word' id='word_1_96' title='bbox 878 1431 969 1495; x_wconf 90' lang='lat' dir='ltr'>cuius</span> <span class='ocrx_word' id='word_1_97' title='bbox 992 1432 1090 1497; x_wconf 86' lang='lat' dir='ltr'>verbo</span> <span class='ocrx_word' id='word_1_98' title='bbox 1117 1432 1164 1495; x_wconf 88' lang='lat' dir='ltr'>ni·</span> 
     </span>
     <span class='ocr_line' id='line_1_17' title="bbox 222 1527 1039 1587; baseline 0.005 -4"><span class='ocrx_word' id='word_1_99' title='bbox 222 1527 345 1584; x_wconf 88' lang='lat' dir='ltr'>tuntur.</span> <span class='ocrx_word' id='word_1_100' title='bbox 1036 1584 1039 1587; x_wconf 87' lang='grc'><em>,</em></span> 
     </span>
    </p>

    <p class='ocr_par' dir='ltr' id='par_1_6' title="bbox 222 1607 1169 2581">
     <span class='ocr_line' id='line_1_18' title="bbox 312 1607 1164 1691; baseline 0.002 -20"><span class='ocrx_word' id='word_1_101' title='bbox 312 1607 432 1673; x_wconf 78' lang='lat' dir='ltr'>Contra</span> <span class='ocrx_word' id='word_1_102' title='bbox 463 1607 573 1691; x_wconf 88' lang='lat' dir='ltr'>impii,</span> <span class='ocrx_word' id='word_1_103' title='bbox 613 1608 774 1673; x_wconf 86' lang='lat' dir='ltr'>excaecati</span> <span class='ocrx_word' id='word_1_104' title='bbox 808 1609 974 1690; x_wconf 88' lang='lat' dir='ltr'>praesenti·</span> <span class='ocrx_word' id='word_1_105' title='bbox 1002 1628 1164 1687; x_wconf 84' lang='lat' dir='ltr'>successu,</span> 
     </span>
     <span class='ocr_line' id='line_1_19' title="bbox 224 1698 1164 1781; baseline -0.001 -18"><span class='ocrx_word' id='word_1_106' title='bbox 224 1704 341 1781; x_wconf 88' lang='lat' dir='ltr'>putant</span> <span class='ocrx_word' id='word_1_107' title='bbox 362 1698 598 1780; x_wconf 87' lang='lat' dir='ltr'>periclitaturos</span> <span class='ocrx_word' id='word_1_108' title='bbox 620 1719 671 1776; x_wconf 86' lang='lat' dir='ltr'>se,</span> <span class='ocrx_word' id='word_1_109' title='bbox 702 1699 730 1762; x_wconf 90' lang='lat' dir='ltr'>si</span> <span class='ocrx_word' id='word_1_110' title='bbox 752 1719 860 1763; x_wconf 85' lang='lat' dir='ltr'>veram</span> <span class='ocrx_word' id='word_1_111' title='bbox 882 1698 1071 1779; x_wconf 85' lang='lat' dir='ltr'>religionem</span> <span class='ocrx_word' id='word_1_112' title='bbox 1098 1717 1164 1762; x_wconf 89' lang='lat' dir='ltr'>am·</span> 
     </span>
     <span class='ocr_line' id='line_1_20' title="bbox 223 1787 1166 1871; baseline 0 -20"><span class='ocrx_word' id='word_1_113' title='bbox 223 1788 420 1871; x_wconf 71' lang='lat' dir='ltr'>plectantur,</span> <span class='ocrx_word' id='word_1_114' title='bbox 451 1787 582 1852; x_wconf 89' lang='lat' dir='ltr'>acideo</span> <span class='ocrx_word' id='word_1_115' title='bbox 604 1794 721 1868; x_wconf 86' lang='lat' dir='ltr'>urgent</span> <span class='ocrx_word' id='word_1_116' title='bbox 751 1788 966 1871; x_wconf 85' lang='lat' dir='ltr'>impietatem,</span> <span class='ocrx_word' id='word_1_117' title='bbox 997 1788 1075 1869; x_wconf 90' lang='lat' dir='ltr'>quia</span> <span class='ocrx_word' id='word_1_118' title='bbox 1102 1788 1166 1852; x_wconf 88' lang='lat' dir='ltr'>hoo</span> 
     </span>
     <span class='ocr_line' id='line_1_21' title="bbox 223 1870 1166 1959; baseline -0.001 -19"><span class='ocrx_word' id='word_1_119' title='bbox 223 1877 321 1941; x_wconf 87' lang='lat' dir='ltr'>modo</span> <span class='ocrx_word' id='word_1_120' title='bbox 343 1878 480 1941; x_wconf 84' lang='lat' dir='ltr'>stabiliri</span> <span class='ocrx_word' id='word_1_121' title='bbox 501 1896 579 1959; x_wconf 90' lang='lat' dir='ltr'>opes</span> <span class='ocrx_word' id='word_1_122' title='bbox 601 1896 676 1940; x_wconf 87' lang='lat' dir='ltr'>suas</span> <span class='ocrx_word' id='word_1_123' title='bbox 698 1881 824 1958; x_wconf 88' lang='lat' dir='ltr'>putant.</span> <span class='ocrx_word' id='word_1_124' title='bbox 876 1870 1060 1939; x_wconf 88' lang='lat' dir='ltr'>¹Ierobeam</span> <span class='ocrx_word' id='word_1_125' title='bbox 1084 1873 1166 1939; x_wconf 90' lang='lat' dir='ltr'>iudi-</span> 
     </span>
     <span class='ocr_line' id='line_1_22' title="bbox 223 1965 1169 2049; baseline 0 -20"><span class='ocrx_word' id='word_1_126' title='bbox 223 1967 319 2030; x_wconf 90' lang='lat' dir='ltr'>cabat</span> <span class='ocrx_word' id='word_1_127' title='bbox 346 1986 380 2030; x_wconf 88' lang='lat' dir='ltr'>se</span> <span class='ocrx_word' id='word_1_128' title='bbox 411 1968 606 2029; x_wconf 88' lang='lat' dir='ltr'>amissurum</span> <span class='ocrx_word' id='word_1_129' title='bbox 635 1985 788 2046; x_wconf 85' lang='lat' dir='ltr'>regnum,</span> <span class='ocrx_word' id='word_1_130' title='bbox 824 1965 852 2029; x_wconf 90' lang='lat' dir='ltr'>si</span> <span class='ocrx_word' id='word_1_131' title='bbox 880 1965 1037 2049; x_wconf 90' lang='lat' dir='ltr'>populum</span> <span class='ocrx_word' id='word_1_132' title='bbox 1069 1985 1169 2029; x_wconf 87' lang='lat' dir='ltr'>suum</span> 
     </span>
     <span class='ocr_line' id='line_1_23' title="bbox 222 2048 1164 2137; baseline 0 -19"><span class='ocrx_word' id='word_1_133' title='bbox 222 2054 382 2121; x_wconf 86' lang='lat' dir='ltr'>divinitus</span> <span class='ocrx_word' id='word_1_134' title='bbox 410 2055 564 2120; x_wconf 87' lang='lat' dir='ltr'>mandato</span> <span class='ocrx_word' id='word_1_135' title='bbox 594 2056 684 2120; x_wconf 88' lang='lat' dir='ltr'>cultu</span> <span class='ocrx_word' id='word_1_136' title='bbox 718 2055 930 2137; x_wconf 70' lang='lat' dir='ltr'>permitteret</span> <span class='ocrx_word' id='word_1_137' title='bbox 950 2055 1009 2118; x_wconf 88' lang='lat' dir='ltr'>uti.</span> <span class='ocrx_word' id='word_1_138' title='bbox 1056 2048 1164 2137; x_wconf 79' lang='lat' dir='ltr'>Papa²</span> 
     </span>
     <span class='ocr_line' id='line_1_24' title="bbox 224 2143 1167 2226; baseline 0.003 -21"><span class='ocrx_word' id='word_1_139' title='bbox 224 2144 348 2208; x_wconf 87' lang='lat' dir='ltr'>iudicat</span> <span class='ocrx_word' id='word_1_140' title='bbox 370 2143 562 2225; x_wconf 86' lang='lat' dir='ltr'>dignitatem</span> <span class='ocrx_word' id='word_1_141' title='bbox 590 2150 623 2208; x_wconf 87' lang='lat' dir='ltr'>ct</span> <span class='ocrx_word' id='word_1_142' title='bbox 649 2165 726 2226; x_wconf 90' lang='lat' dir='ltr'>opes</span> <span class='ocrx_word' id='word_1_143' title='bbox 754 2163 788 2208; x_wconf 89' lang='lat' dir='ltr'>se</span> <span class='ocrx_word' id='word_1_144' title='bbox 816 2145 1024 2221; x_wconf 91' lang='lat' dir='ltr'>amissurum,</span> <span class='ocrx_word' id='word_1_145' title='bbox 1055 2145 1084 2207; x_wconf 90' lang='lat' dir='ltr'>si</span> <span class='ocrx_word' id='word_1_146' title='bbox 1113 2165 1167 2208; x_wconf 90' lang='lat' dir='ltr'>no·</span> 
     </span>
     <span class='ocr_line' id='line_1_25' title="bbox 224 2232 1168 2315; baseline 0.001 -19"><span class='ocrx_word' id='word_1_147' title='bbox 224 2238 326 2296; x_wconf 91' lang='lat' dir='ltr'>stram</span> <span class='ocrx_word' id='word_1_148' title='bbox 348 2232 529 2297; x_wconf 79' lang='lat' dir='ltr'>doctrinam</span> <span class='ocrx_word' id='word_1_149' title='bbox 552 2233 676 2315; x_wconf 86' lang='lat' dir='ltr'>probet,</span> <span class='ocrx_word' id='word_1_150' title='bbox 700 2251 760 2296; x_wconf 88' lang='lat' dir='ltr'>nec</span> <span class='ocrx_word' id='word_1_151' title='bbox 782 2233 872 2297; x_wconf 88' lang='lat' dir='ltr'>videt</span> <span class='ocrx_word' id='word_1_152' title='bbox 886 2233 983 2296; x_wconf 88' lang='lat' dir='ltr'>aliam</span> <span class='ocrx_word' id='word_1_153' title='bbox 997 2233 1086 2296; x_wconf 88' lang='lat' dir='ltr'>viam</span> <span class='ocrx_word' id='word_1_154' title='bbox 1107 2239 1168 2297; x_wconf 89' lang='lat' dir='ltr'>sta-</span> 
     </span>
     <span class='ocr_line' id='line_1_26' title="bbox 225 2320 1167 2404; baseline 0 -20"><span class='ocrx_word' id='word_1_155' title='bbox 225 2320 362 2385; x_wconf 89' lang='lat' dir='ltr'>biliendi</span> <span class='ocrx_word' id='word_1_156' title='bbox 382 2322 474 2402; x_wconf 83' lang='lat' dir='ltr'>regni</span> <span class='ocrx_word' id='word_1_157' title='bbox 496 2324 556 2398; x_wconf 87' lang='lat' dir='ltr'>sui,</span> <span class='ocrx_word' id='word_1_158' title='bbox 583 2322 726 2404; x_wconf 86' lang='lat' dir='ltr'>quamsi</span> <span class='ocrx_word' id='word_1_159' title='bbox 750 2322 955 2403; x_wconf 81' lang='lat' dir='ltr'>pertinaciter</span> <span class='ocrx_word' id='word_1_160' title='bbox 977 2322 1020 2385; x_wconf 90' lang='lat' dir='ltr'>sit</span> <span class='ocrx_word' id='word_1_161' title='bbox 1034 2321 1167 2404; x_wconf 86' lang='lat' dir='ltr'>impius.</span> 
     </span>
     <span class='ocr_line' id='line_1_27' title="bbox 225 2410 1168 2494; baseline 0 -20"><span class='ocrx_word' id='word_1_162' title='bbox 225 2410 289 2474; x_wconf 83' lang='lat' dir='ltr'>Sed</span> <span class='ocrx_word' id='word_1_163' title='bbox 312 2411 392 2494; x_wconf 93' lang='lat' dir='ltr'>quid</span> <span class='ocrx_word' id='word_1_164' title='bbox 414 2412 492 2475; x_wconf 76' lang='lat' dir='ltr'>fiet?</span> <span class='ocrx_word' id='word_1_165' title='bbox 521 2411 593 2474; x_wconf 90' lang='lat' dir='ltr'>Hac</span> <span class='ocrx_word' id='word_1_166' title='bbox 615 2411 739 2474; x_wconf 89' lang='lat' dir='ltr'>ratione</span> <span class='ocrx_word' id='word_1_167' title='bbox 762 2410 831 2493; x_wconf 89' lang='lat' dir='ltr'>ipse</span> <span class='ocrx_word' id='word_1_168' title='bbox 854 2410 918 2474; x_wconf 86' lang='lat' dir='ltr'>sibi</span> <span class='ocrx_word' id='word_1_169' title='bbox 940 2410 1074 2474; x_wconf 81' lang='lat' dir='ltr'>accersit</span> <span class='ocrx_word' id='word_1_170' title='bbox 1096 2431 1168 2494; x_wconf 89' lang='lat' dir='ltr'>poe-</span> 
     </span>
     <span class='ocr_line' id='line_1_28' title="bbox 226 2499 993 2581; baseline -0.001 -18"><span class='ocrx_word' id='word_1_171' title='bbox 226 2520 295 2578; x_wconf 88' lang='lat' dir='ltr'>nas,</span> <span class='ocrx_word' id='word_1_172' title='bbox 320 2507 353 2564; x_wconf 88' lang='lat' dir='ltr'>et</span> <span class='ocrx_word' id='word_1_173' title='bbox 375 2519 544 2581; x_wconf 90' lang='lat' dir='ltr'>nunquam</span> <span class='ocrx_word' id='word_1_174' title='bbox 566 2500 745 2563; x_wconf 89' lang='lat' dir='ltr'>finiendam</span> <span class='ocrx_word' id='word_1_175' title='bbox 768 2499 993 2564; x_wconf 87' lang='lat' dir='ltr'>calamitatem.</span> 
     </span>
    </p>

    <p class='ocr_par' dir='ltr' id='par_1_7' title="bbox 225 2588 1171 2936">
     <span class='ocr_line' id='line_1_29' title="bbox 315 2588 1170 2666; baseline -0.001 -14"><span class='ocrx_word' id='word_1_176' title='bbox 315 2590 355 2652; x_wconf 91' lang='lat' dir='ltr'>In</span> <span class='ocrx_word' id='word_1_177' title='bbox 378 2590 502 2652; x_wconf 82' lang='lat' dir='ltr'>Ebraeo</span> <span class='ocrx_word' id='word_1_178' title='bbox 529 2595 579 2652; x_wconf 87' lang='lat' dir='ltr'>est</span> <span class='ocrx_word' id='word_1_179' title='bbox 609 2590 670 2666; x_wconf 90' lang='lat' dir='ltr'>‚Im</span> <span class='ocrx_word' id='word_1_180' title='bbox 693 2588 883 2652; x_wconf 85' lang='lat' dir='ltr'>kedosehim</span> <span class='ocrx_word' id='word_1_181' title='bbox 904 2591 1062 2666; x_wconf 70' lang='lat' dir='ltr'>neeman,</span> <span class='ocrx_word' id='word_1_182' title='bbox 1094 2607 1170 2651; x_wconf 91' lang='lat' dir='ltr'>cum</span> 
     </span>
     <span class='ocr_line' id='line_1_30' title="bbox 226 2675 1171 2758; baseline 0.002 -20"><span class='ocrx_word' id='word_1_183' title='bbox 226 2677 347 2739; x_wconf 87' lang='lat' dir='ltr'>sanctis</span> <span class='ocrx_word' id='word_1_184' title='bbox 369 2675 482 2739; x_wconf 88' lang='lat' dir='ltr'>fidelis.</span> <span class='ocrx_word' id='word_1_185' title='bbox 513 2678 553 2739; x_wconf 91' lang='lat' dir='ltr'>Id</span> <span class='ocrx_word' id='word_1_186' title='bbox 575 2677 781 2758; x_wconf 89' lang='lat' dir='ltr'>aptissimum</span> <span class='ocrx_word' id='word_1_187' title='bbox 803 2677 909 2742; x_wconf 91' lang='lat' dir='ltr'>visum</span> <span class='ocrx_word' id='word_1_188' title='bbox 931 2683 980 2740; x_wconf 89' lang='lat' dir='ltr'>est</span> <span class='ocrx_word' id='word_1_189' title='bbox 994 2678 1112 2740; x_wconf 87' lang='lat' dir='ltr'>referre</span> <span class='ocrx_word' id='word_1_190' title='bbox 1128 2676 1171 2740; x_wconf 88' lang='lat' dir='ltr'>ad</span> 
     </span>
     <span class='ocr_line' id='line_1_31' title="bbox 226 2763 1169 2844; baseline 0.003 -19"><span class='ocrx_word' id='word_1_191' title='bbox 226 2763 360 2826; x_wconf 88' lang='lat' dir='ltr'>cultum.</span> <span class='ocrx_word' id='word_1_192' title='bbox 408 2764 478 2826; x_wconf 80' lang='lat' dir='ltr'>Etsi</span> <span class='ocrx_word' id='word_1_193' title='bbox 501 2765 588 2826; x_wconf 88' lang='lat' dir='ltr'>enim</span> <span class='ocrx_word' id='word_1_194' title='bbox 612 2766 729 2828; x_wconf 82' lang='lat' dir='ltr'>Ebraei</span> <span class='ocrx_word' id='word_1_195' title='bbox 752 2773 893 2844; x_wconf 89' lang='lat' dir='ltr'>sanctos,</span> <span class='ocrx_word' id='word_1_196' title='bbox 918 2766 1029 2842; x_wconf 89' lang='lat' dir='ltr'>deum,</span> <span class='ocrx_word' id='word_1_197' title='bbox 1054 2763 1169 2830; x_wconf 86' lang='lat' dir='ltr'>intelli-</span> 
     </span>
     <span class='ocr_line' id='line_1_32' title="bbox 225 2853 1170 2936; baseline 0.001 -21"><span class='ocrx_word' id='word_1_198' title='bbox 225 2857 322 2934; x_wconf 79' lang='lat' dir='ltr'>grmt,</span> <span class='ocrx_word' id='word_1_199' title='bbox 358 2858 469 2916; x_wconf 89' lang='lat' dir='ltr'>tamen</span> <span class='ocrx_word' id='word_1_200' title='bbox 498 2853 560 2916; x_wconf 88' lang='lat' dir='ltr'>hoc</span> <span class='ocrx_word' id='word_1_201' title='bbox 594 2853 774 2934; x_wconf 81' lang='lat' dir='ltr'>simplicius</span> <span class='ocrx_word' id='word_1_202' title='bbox 808 2862 866 2919; x_wconf 86' lang='lat' dir='ltr'>est.</span> <span class='ocrx_word' id='word_1_203' title='bbox 912 2855 1023 2936; x_wconf 88' lang='lat' dir='ltr'>Neque</span> <span class='ocrx_word' id='word_1_204' title='bbox 1057 2860 1170 2918; x_wconf 88' lang='lat' dir='ltr'>tamen</span> 
     </span>
    </p>
   </div>
   <div class='ocr_carea' id='block_1_6' title="bbox 227 2941 1278 3026">
    <p class='ocr_par' dir='ltr' id='par_1_8' title="bbox 227 2941 1278 3026">
     <span class='ocr_line' id='line_1_33' title="bbox 227 2941 1278 3026; baseline 0.003 -22"><span class='ocrx_word' id='word_1_205' title='bbox 227 2948 325 3020; x_wconf 86' lang='lat' dir='ltr'>errat,</span> <span class='ocrx_word' id='word_1_206' title='bbox 357 2942 414 3023; x_wconf 91' lang='lat' dir='ltr'>qui</span> <span class='ocrx_word' id='word_1_207' title='bbox 436 2941 625 3026; x_wconf 86' lang='lat' dir='ltr'>simpliciter</span> <span class='ocrx_word' id='word_1_208' title='bbox 647 2943 798 3024; x_wconf 85' lang='lat' dir='ltr'>intelligit</span> <span class='ocrx_word' id='word_1_209' title='bbox 821 2949 964 3021; x_wconf 88' lang='lat' dir='ltr'>sanctos,</span> <span class='ocrx_word' id='word_1_210' title='bbox 993 2943 1169 3007; x_wconf 87' lang='lat' dir='ltr'>sanctifica·</span> <span class='ocrx_word' id='word_1_211' title='bbox 1276 2979 1278 3018; x_wconf 40' lang='grc' dir='ltr'>ξ</span> 
     </span>
    </p>
   </div>
   <div class='ocr_carea' id='block_1_7' title="bbox 226 3031 1170 3292">
    <p class='ocr_par' dir='ltr' id='par_1_9' title="bbox 226 3031 1170 3292">
     <span class='ocr_line' id='line_1_34' title="bbox 226 3031 1168 3108; baseline 0.002 -14"><span class='ocrx_word' id='word_1_212' title='bbox 226 3037 291 3108; x_wconf 85' lang='lat' dir='ltr'>tos,</span> <span class='ocrx_word' id='word_1_213' title='bbox 321 3032 372 3096; x_wconf 84' lang='lat' dir='ltr'>vel</span> <span class='ocrx_word' id='word_1_214' title='bbox 395 3033 570 3095; x_wconf 87' lang='lat' dir='ltr'>ecclesiam.</span> <span class='ocrx_word' id='word_1_215' title='bbox 618 3031 743 3096; x_wconf 84' lang='lat' dir='ltr'>Eodem</span> <span class='ocrx_word' id='word_1_216' title='bbox 772 3033 860 3095; x_wconf 90' lang='lat' dir='ltr'>enim</span> <span class='ocrx_word' id='word_1_217' title='bbox 887 3033 1047 3096; x_wconf 88' lang='lat' dir='ltr'>sententia</span> <span class='ocrx_word' id='word_1_218' title='bbox 1075 3031 1168 3108; x_wconf 86' lang='lat' dir='ltr'>redit,</span> 
     </span>
     <span class='ocr_line' id='line_1_35' title="bbox 228 3120 1169 3197; baseline 0 -14"><span class='ocrx_word' id='word_1_219' title='bbox 228 3121 364 3183; x_wconf 87' lang='lat' dir='ltr'>retinere</span> <span class='ocrx_word' id='word_1_220' title='bbox 383 3120 500 3183; x_wconf 89' lang='lat' dir='ltr'>Iudam</span> <span class='ocrx_word' id='word_1_221' title='bbox 522 3120 660 3184; x_wconf 87' lang='lat' dir='ltr'>fideliter</span> <span class='ocrx_word' id='word_1_222' title='bbox 682 3121 814 3197; x_wconf 87' lang='lat' dir='ltr'>cultum,</span> <span class='ocrx_word' id='word_1_223' title='bbox 839 3122 1044 3186; x_wconf 83' lang='lat' dir='ltr'>observatum</span> <span class='ocrx_word' id='word_1_224' title='bbox 1060 3141 1080 3184; x_wconf 91' lang='lat' dir='ltr'>a</span> <span class='ocrx_word' id='word_1_225' title='bbox 1099 3141 1169 3184; x_wconf 86' lang='lat' dir='ltr'>san-</span> 
     </span>
     <span class='ocr_line' id='line_1_36' title="bbox 226 3208 1170 3292; baseline 0.001 -21"><span class='ocrx_word' id='word_1_226' title='bbox 226 3208 289 3272; x_wconf 87' lang='lat' dir='ltr'>ctis</span> <span class='ocrx_word' id='word_1_227' title='bbox 311 3209 346 3271; x_wconf 93' lang='lat' dir='ltr'>in</span> <span class='ocrx_word' id='word_1_228' title='bbox 369 3215 482 3272; x_wconf 88' lang='lat' dir='ltr'>sancta</span> <span class='ocrx_word' id='word_1_229' title='bbox 502 3210 649 3286; x_wconf 87' lang='lat' dir='ltr'>ecclesia,</span> <span class='ocrx_word' id='word_1_230' title='bbox 680 3216 713 3272; x_wconf 89' lang='lat' dir='ltr'>et</span> <span class='ocrx_word' id='word_1_231' title='bbox 735 3230 772 3272; x_wconf 88' lang='lat' dir='ltr'>eo</span> <span class='ocrx_word' id='word_1_232' title='bbox 794 3209 831 3272; x_wconf 94' lang='lat' dir='ltr'>in</span> <span class='ocrx_word' id='word_1_233' title='bbox 853 3210 938 3287; x_wconf 86' lang='lat' dir='ltr'>loeo,</span> <span class='ocrx_word' id='word_1_234' title='bbox 970 3230 1069 3292; x_wconf 90' lang='lat' dir='ltr'>quem</span> <span class='ocrx_word' id='word_1_235' title='bbox 1099 3210 1170 3292; x_wconf 90' lang='lat' dir='ltr'>ipse</span> 
     </span>
    </p>
   </div>
   <div class='ocr_carea' id='block_1_8' title="bbox 226 3296 1168 3384">
    <p class='ocr_par' dir='ltr' id='par_1_10' title="bbox 226 3296 1278 3388">
     <span class='ocr_line' id='line_1_37' title="bbox 226 3296 1168 3384; baseline -0.006 -21"><span class='ocrx_word' id='word_1_236' title='bbox 226 3296 380 3384; x_wconf 80' lang='lat' dir='ltr'>dominus</span> <span class='ocrx_word' id='word_1_237' title='bbox 403 3298 505 3361; x_wconf 90' lang='lat' dir='ltr'>cultui</span> <span class='ocrx_word' id='word_1_238' title='bbox 527 3318 586 3361; x_wconf 90' lang='lat' dir='ltr'>suo</span> <span class='ocrx_word' id='word_1_239' title='bbox 607 3299 827 3363; x_wconf 86' lang='lat' dir='ltr'>sanctificavit.</span> <span class='ocrx_word' id='word_1_240' title='bbox 874 3299 964 3373; x_wconf 82' lang='lat' dir='ltr'>Quae</span> <span class='ocrx_word' id='word_1_241' title='bbox 980 3306 1168 3380; x_wconf 88' lang='lat' dir='ltr'>sequuntur,</span> 
     </span>
    </p>
   </div>
   <div class='ocr_carea' id='block_1_9' title="bbox 44 3341 1150 3558">
    <p class='ocr_par' dir='ltr' id='par_1_11' title="bbox 40 3341 1150 3576">
     <span class='ocr_line' id='line_1_38' title="bbox 44 3341 1150 3471; baseline -0.007 -15.029"><span class='ocrx_word' id='word_1_242' title='bbox 44 3341 90 3460; x_wconf 13' lang='grc' dir='ltr'><strong>ἦ</strong></span> <span class='ocrx_word' id='word_1_243' title='bbox 113 3378 120 3464; x_wconf 47' lang='grc' dir='ltr'>ἶ</span> <span class='ocrx_word' id='word_1_244' title='bbox 228 3387 269 3450; x_wconf 90' lang='lat' dir='ltr'>de</span> <span class='ocrx_word' id='word_1_245' title='bbox 300 3393 422 3451; x_wconf 88' lang='lat' dir='ltr'>eventu.</span> <span class='ocrx_word' id='word_1_246' title='bbox 445 3386 598 3468; x_wconf 82' lang='lat' dir='ltr'>utrinque</span> <span class='ocrx_word' id='word_1_247' title='bbox 627 3386 759 3464; x_wconf 90' lang='lat' dir='ltr'>docent,</span> <span class='ocrx_word' id='word_1_248' title='bbox 795 3387 889 3471; x_wconf 91' lang='lat' dir='ltr'>impii</span> <span class='ocrx_word' id='word_1_249' title='bbox 924 3388 1044 3452; x_wconf 87' lang='lat' dir='ltr'>seilicet</span> <span class='ocrx_word' id='word_1_250' title='bbox 1079 3409 1150 3469; x_wconf 63' lang='lat' dir='ltr'>reg,r</span> 
     </span>
     <span class='ocr_line' id='line_1_39' title="bbox 228 3475 690 3558; baseline -0.003 -17.524"><span class='ocrx_word' id='word_1_251' title='bbox 228 3475 336 3553; x_wconf 84' lang='lat' dir='ltr'>Israel,</span> <span class='ocrx_word' id='word_1_252' title='bbox 361 3481 395 3540; x_wconf 89' lang='lat' dir='ltr'>et</span> <span class='ocrx_word' id='word_1_253' title='bbox 416 3476 464 3558; x_wconf 92' lang='lat' dir='ltr'>pii</span> <span class='ocrx_word' id='word_1_254' title='bbox 487 3476 578 3556; x_wconf 82' lang='lat' dir='ltr'>regni</span> <span class='ocrx_word' id='word_1_255' title='bbox 600 3476 690 3540; x_wconf 89' lang='lat' dir='ltr'>Iuda.</span> 
     </span>
    </p>
   </div>
   <div class='ocr_carea' id='block_1_10' title="bbox 228 3650 443 3664">
    <p class='ocr_par' dir='ltr' id='par_1_12' title="bbox 228 3650 443 3664">
     <span class='ocr_line' id='line_1_40' title="bbox 228 3650 443 3664; baseline 0.005 -2"><span class='ocrx_word' id='word_1_256' title='bbox 228 3650 443 3664; x_wconf 48' lang='lat' dir='ltr'>m</span> 
     </span>
    </p>
   </div>
   <div class='ocr_carea' id='block_1_11' title="bbox 74 3716 693 3828">
    <p class='ocr_par' dir='ltr' id='par_1_13' title="bbox 74 3716 693 3828">
     <span class='ocr_line' id='line_1_41' title="bbox 74 3716 693 3828; baseline 0.074 -43"><span class='ocrx_word' id='word_1_257' title='bbox 74 3716 104 3785; x_wconf 40' lang='lat' dir='ltr'>a«</span> <span class='ocrx_word' id='word_1_258' title='bbox 232 3759 241 3766; x_wconf 67' lang='lat'><em>⁷</em></span> <span class='ocrx_word' id='word_1_259' title='bbox 322 3755 349 3823; x_wconf 88' lang='lat'>1)</span> <span class='ocrx_word' id='word_1_260' title='bbox 366 3754 521 3813; x_wconf 85' lang='lat' dir='ltr'>Ierobeam.</span> <span class='ocrx_word' id='word_1_261' title='bbox 559 3757 587 3827; x_wconf 74' lang='lat'>2)</span> <span class='ocrx_word' id='word_1_262' title='bbox 606 3759 693 3828; x_wconf 61' lang='lat' dir='ltr'><strong>Papa·</strong></span> 
     </span>
    </p>
   </div>
   <div class='ocr_carea' id='block_1_12' title="bbox 67 3756 110 3801">
    <p class='ocr_par' dir='ltr' id='par_1_14' title="bbox 67 3756 110 3801">
     <span class='ocr_line' id='line_1_42' title="bbox 67 3756 110 3801; baseline 0 -42"><span class='ocrx_word' id='word_1_263' title='bbox 67 3756 70 3759; x_wconf 92' lang='lat'>.</span> <span class='ocrx_word' id='word_1_264' title='bbox 83 3760 110 3801; x_wconf 46' lang='lat'>{4³</span> 
     </span>
    </p>
   </div>
   <div class='ocr_carea' id='block_1_13' title="bbox 0 0 1306 4225">
    <p class='ocr_par' dir='ltr' id='par_1_15' title="bbox 0 0 1306 4225">
     <span class='ocr_line' id='line_1_43' title="bbox 0 0 1306 4225; baseline 0 0"><span class='ocrx_word' id='word_1_265' title='bbox 0 0 1306 4225; x_wconf 95' lang='lat' dir='ltr'> </span> 
     </span>
    </p>
   </div>
  </div>
 </body>
</html>
