2575 4225
453 277 579 342 Hoseae
601 278 786 360 prophetae.
1023 277 1087 342 249

148 456 205 521 sed
226 454 400 532 maritum,
430 453 492 519 scit
514 454 602 519 enim
624 474 661 519 se
681 455 764 519 mihi
791 473 859 519 esse
887 472 996 531 cinae,
1027 455 1090 519 scit

147 565 181 612 se
216 545 322 609 amari
345 564 366 609 a
393 562 461 621 me,
504 563 564 607 nec
595 550 719 611 menes
741 543 964 609 desertionem.
1016 544 1090 609 Hoc

146 634 245 699 modo
278 633 438 716 propheta
470 633 601 714 plenam
635 639 668 697 et
700 639 821 697 certam
858 632 1011 697 fiduciam
1049 652 1090 696 ex

112 724 114 727 ’
146 739 279 793 summo
300 741 408 788 amore
429 727 543 787 natam
555 722 658 786 voluit
671 722 848 800 ostendere,
873 742 957 803 quae
972 720 1090 787 fiducia

145 811 343 895 praecipuus
363 810 417 877 dei
439 811 545 875 nnus
567 816 625 875 est.

236 901 338 965 Porro
356 899 411 963 hio
432 899 521 965 loeus
543 899 628 963 clare
649 899 799 977 ostendit,
823 899 987 977 idolstnas,
1009 899 1090 965 dum

146 984 253 1056 idols¹
282 988 408 1064 colunt,
439 988 573 1066 sentire,
605 988 693 1069 qnod
715 1008 829 1052 verum
850 988 954 1055 deum,
972 989 1089 1065 colant,

119 1114 126 1163 1
146 1098 207 1142 nec
229 1078 278 1143 sic
300 1096 369 1141 esse
391 1076 549 1159 stupidos,
572 1082 612 1139 ut
632 1078 721 1157 ligno
744 1084 801 1141 aut
815 1082 946 1157 argento
961 1076 1090 1141 divinos
1193 1134 1197 1143 .

146 1168 288 1231 honores
309 1166 461 1229 habeant.
508 1166 597 1229 Sicut
618 1165 707 1249 apud
730 1166 860 1229 Esaiam
884 1185 1012 1246 quoque
1035 1165 1089 1229 do·

145 1257 258 1319 minus
279 1247 449 1319 testatur}²
488 1256 620 1319 Rostra
641 1246 753 1318 colunt
774 1248 827 1317 me
849 1254 1012 1319 mandatis
1034 1254 1088 1317 ho·
1199 1314 1200 1319 ,

144 1345 287 1407 minum.
336 1344 420 1405 Nam
453 1344 609 1407 maiorem
641 1343 727 1407 hanc
761 1344 909 1407 omnium
942 1343 1089 1423 gentium

144 1432 266 1497 animis
288 1432 457 1497 instillavit
486 1438 617 1509 natura,
645 1432 733 1513 quod
756 1426 835 1497 deus
859 1433 1012 1496 colendus
1035 1432 1088 1509 sit,

146 1522 204 1602 qui
230 1520 393 1585 mundum
421 1527 454 1584 et
482 1520 593 1583 omnia
620 1520 775 1585 condidit.
822 1521 885 1585 Sed
914 1527 1025 1605 postea
1052 1520 1090 1585 in

146 1610 272 1680 minore
295 1609 415 1699 aicium
437 1615 495 1686 est,
519 1608 607 1689 quod
629 1610 711 1673 rado
734 1630 800 1673 non
823 1611 968 1691 sequitur
983 1612 1090 1691 cultus

146 1700 245 1764 verbo
267 1697 450 1775 institutos,
474 1698 531 1761 sed
553 1698 648 1779 fingit
669 1698 742 1779 ipsa
764 1699 827 1763 sibi
848 1699 999 1776 modum,
1024 1719 1090 1780 quo

145 1785 246 1869 deum
269 1786 331 1849 coli
352 1787 432 1850 velle
454 1792 558 1868 putat.
596 1780 767 1850 *Idolattia
789 1792 897 1849 autem
920 1794 968 1851 est
982 1788 1090 1851 omnis

148 1877 267 1952 cultus,
293 1875 351 1954 qui
373 1875 551 1961 suscipitur.
568 1875 638 1939 sine
661 1874 757 1940 verbo
780 1874 849 1951 dei,
881 1876 1090 1955 quantumvis

147 1965 190 2029 sit
211 1962 404 2047 splendidus
426 1969 460 2028 et
481 1962 633 2029 difficilis.
678 1963 756 2028 Ideo
771 1964 870 2027 etiam
884 1963 994 2045 ipsum
1007 1964 1090 2045 legis

149 2053 296 2118 studium
318 2053 476 2136 propheta
497 2054 560 2117 hoc
581 2052 617 2116 in
642 2054 714 2116 loco
744 2059 838 2118 vocat
865 2054 989 2116 cultum
1010 2052 1090 2116 Baal

149 2149 187 2207 et·
203 2143 460 2228 fornicationem,
484 2143 563 2222 quia
584 2143 644 2207 etsi
666 2149 837 2224 praecepta
857 2144 912 2206 lex
934 2143 1091 2207 divinitus

149 2238 242 2308 esset,
266 2238 377 2294 tamen
398 2231 500 2295 voluit
522 2229 602 2294 deus
616 2237 754 2296 'tantum
777 2231 908 2312 agnosci
930 2237 963 2294 et
978 2232 1039 2296 coli
1053 2233 1090 2298 in

146 2320 215 2386 filio
250 2340 318 2384 suo.
371 2319 468 2383 Hanc
500 2319 717 2384 obedientiam
751 2339 808 2384 seu
842 2319 965 2384 cultum
1001 2321 1090 2383 hunc

149 2409 228 2490 quia
249 2427 413 2489 synagoga
436 2429 503 2472 non
525 2409 722 2490 praestabat,
754 2415 786 2473 et
808 2410 1013 2490 pertinaciter
1035 2430 1089 2490 op·

12 2532 17 2545 ·
148 2497 292 2580 ponebat
305 2497 478 2578 ,evangelio
499 2496 617 2589 legales
640 2498 755 2574 cultus,
779 2504 863 2588 necte
887 2504 1092 2580 comparatur

148 2586 258 2654 Baalis
280 2585 465 2650 emtoribus.
552 2661 555 2664 ⁴

193 2740 263 2855 En
285 2745 464 2808 auferam
486 2745 655 2808 nomina
669 2743 817 2816 Baalim
839 2745 887 2810 de
910 2767 975 2818 ore
991 2746 1090 2824 eius,

250 2853 325 2898 nec
340 2833 625 2899 recordabitur
638 2835 745 2897 ultr-a
760 2834 931 2900 nominis
948 2847 1090 2900 eorum.

149 2989 314 3104 “Fscilis
337 2993 498 3061 sententia
518 3000 576 3070 est,
599 2989 659 3057 ubi
676 2994 764 3056 enim
780 3013 854 3057 vena
868 2994 1008 3073 cognitio
1026 2994 1090 3071 dei,
1110 3020 1112 3026 ¹

161 3095 164 3098 ’
244 3101 303 3146 seu
325 3102 445 3164 purum
466 3082 686 3158 verbumst,
722 3082 769 3144 ibi
799 3099 928 3144 necesse
958 3088 1021 3159 est,
1052 3089 1093 3146 ut

148 3178 253 3236 cesset
274 3171 433 3236 idolatria.
480 3171 569 3233 Sicut
590 3175 764 3252 postquam
787 3169 840 3232 dei
854 3165 1010 3234 beneficia
1023 3191 1090 3234 ver·

147 3261 229 3324 bum
256 3259 311 3324 dei
338 3259 529 3324 Germaniae
556 3260 621 3322 hoc
653 3265 797 3340 tempore
831 3265 997 3323 ostensum
1030 3266 1089 3337 est,

148 3349 316 3413 desierunt
337 3348 432 3430 impii
454 3349 560 3412 cultus
581 3348 763 3424 missenum,
785 3347 997 3430 invocationis
1020 3368 1090 3411 san·

183 3471 368 3486 -n--nu—

240 3524 268 3591 1)
285 3523 438 3578 Idolanae.
474 3521 503 3592 2)
522 3523 588 3578 Esa
607 3521 650 3576 29.
687 3521 716 3591 3)
733 3521 894 3577 Idolatria‘

240 3681 267 3750 ⁸)
284 3683 321 3738 In
340 3682 513 3737 0011.Vuitt
538 3682 657 3750 legitur:
682 3680 844 3737 Idolatriae.
881 3681 922 3751 “)
940 3681 978 3736 In
1001 3699 1090 3751 marg.

179 3752 214 3807 dl.
232 3754 310 3809 len:
328 3753 388 3808 Ubi
405 3769 475 3810 vera
492 3753 616 3820 cognitio
634 3752 690 3824 dei,
708 3751 750 3808 ibi
769 3755 862 3808 cessat
879 3751 1020 3809 idolatria.
