2575 4225
443 1230 1024 1316 PROEGIPALES
1076 1230 1184 1315 Lo
1192 1230 1273 1315 GI
1325 1231 1435 1314 ΕΤ
1488 1230 2053 1318 PRAEGIPUAE

805 1358 1141 1425 sententiae
1187 1358 1539 1426 concionum
1582 1359 1697 1427 Ho-

1000 1481 1135 1533 seao
1179 1465 1518 1547 prophetae.

310 1711 404 1824 In
445 1734 656 1795 pauca
710 1715 1164 1778 contrahemus
1220 1716 1475 1778 Hoseae
1546 1715 1877 1779 contiones
1945 1740 2189 1792 omma

408 1810 483 1867 ut
527 1823 677 1867 cum
721 1809 933 1869 totum
974 1803 1216 1866 librum
1261 1804 1601 1885 complecti
1645 1825 1778 1867 non
1821 1808 2025 1886 possis
2041 1856 2053 1872 a.
2105 1818 2189 1868 ta-

310 1911 466 1955 men
511 1913 732 1957 eorum
777 1912 943 1973 quae
988 1893 1336 1975 praecipua
1381 1899 1551 1970 sunt,
1600 1893 1985 1956 memineris.

490 1982 709 2045 Hosea
749 1981 948 2061 igitur
1002 1983 1127 2045 hoc
1178 1982 1521 2064 praecipue
1575 1987 1641 2045 et
1684 1983 1816 2046 fere
1873 1984 1941 2045 in
1993 1984 2189 2044 unmi-

308 2072 435 2135 bus
480 2071 800 2154 capitibus
846 2071 998 2152 agit,
1045 2077 1121 2135 ut
1161 2071 1527 2136 idolatriam
1572 2071 1675 2135 sui
1719 2071 1942 2154 populi
1989 2092 2189 2153 reprc-

310 2160 560 2224 hendat
588 2167 653 2224 et
692 2161 975 2224 minetur
1003 2162 1371 2226 vastitatem
1402 2181 1516 2244 per
1543 2162 1904 2242 Assyrium.
2009 2161 2025 2193 ²
2049 2165 2193 2225 Fuit

313 2255 533 2318 autem
577 2249 876 2314 idolatria
917 2251 1078 2314 haec
1094 2301 1109 2331 ‚
1172 2250 1347 2330 quod
1395 2271 1544 2314 cum
1589 2252 1799 2314 cultus
1845 2253 2053 2314 omnie-¹
2105 2253 2193 2309 sli-

312 2339 466 2404 vina
509 2359 662 2404 voce
718 2338 803 2402 ad
857 2340 1177 2420 templum
1220 2340 1865 2420 hierosolymitanum
1921 2341 2189 2401 destina-

312 2434 421 2491 tus
466 2433 659 2505 esset,
707 2427 934 2491 decem
977 2429 1184 2491 tribus
1229 2430 1519 2509 neglecto
1575 2429 1818 2510 templo
1864 2429 2190 2509 erigelfflzt

313 2517 555 2594 altaria,
612 2523 677 2580 et
721 2517 1173 2581 sacrificabant
1216 2518 1589 2598 ubicunque
1632 2518 1894 2580 libebat.

503 2599 753 2669 5'Huius
808 2606 1141 2670 idolatriae
1186 2606 1545 2670 similitudo
1588 2605 1784 2669 hodie
1830 2613 1957 2681 est,
2017 2605 2189 2685 qiu-nt]

314 2715 467 2759 cum
524 2695 866 2759 iubeamur
916 2695 988 2758 in
1045 2696 1310 2759 nomine
1357 2695 1594 2759 Christi
1648 2696 1844 2759 Ihesu
1896 2695 2193 2757 imum-:am

308 2789 645 2848 aeternum
694 2790 946 2865 patrem
965 2834 979 2861 ,
1049 2805 1168 2848 nos
1230 2786 1470 2848 omisso
1535 2785 1787 2848 Christo
1848 2784 2025 2846 divus
2105 2785 2189 2845 in-

308 2874 698 2950 vocavimUS‚
747 2873 1074 2936 Christum
1109 2873 1539 2937 iudicavimus
1586 2874 1865 2936 similem
1895 2879 2189 2949 tyriarum,

310 2982 426 3027 seu
470 2961 671 3025 iudici
716 2963 878 3025 duro
894 3012 907 3038 ‚
969 2962 1084 3042 qui
1136 2962 1303 3025 nolit
1347 2962 1594 3038 audire,
1656 2960 1786 3023 nisi
1836 2961 2189 3022 habramius

307 3053 754 3115 intercessores
770 3100 785 3127 ‚
848 3070 997 3114 cum
1041 3051 1182 3132 ipse
1227 3049 1547 3113 mediator
1604 3056 1822 3115 noster
1866 3049 1965 3110 ad.
1997 3053 2193 3109 alvum

311 3160 449 3205 esse
494 3140 666 3205 velit.

492 3230 671 3293 Sicut
723 3234 943 3292 autem
995 3228 1222 3292 Iudaei
1275 3228 1525 3291 Baalim
1543 3276 1557 3304 ‚
1619 3226 1855 3290 vitulos
1917 3233 1981 3289 st
2037 3229 2193 3289 :ilias-

312 3325 558 3384 statuas
604 3318 951 3398 erigebant,
1001 3317 1093 3380 sic
1138 3317 1315 3399 apud
1358 3337 1479 3380 nos
1525 3316 1722 3380 etiam
1766 3320 2013 3378 stamas
2061 3337 2193 3377 vssent}

330 3413 465 3490 >tae
509 3413 664 3471 sunt
707 3407 855 3483 coli,
915 3412 980 3469 et
1024 3406 1341 3469 creditum
1386 3410 1512 3481 est,
1562 3405 1760 3466 deum
1804 3424 1941 3467 esse
1991 3405 2193 3481 magis

314 3496 397 3560 ad
454 3498 625 3560 hanc
676 3496 781 3560 vel
838 3496 1019 3558 illam
1079 3500 1362 3558 statuam
1417 3493 1781 3577 propicium
1795 3544 1810 3569 ‚
1882 3513 2077 3575 quam
2141 3497 2193 3553 si

322 3587 416 3651 vel
461 3585 640 3648 domi
684 3584 785 3650 vel
831 3585 955 3647 alio
1000 3584 1072 3646 in
1116 3584 1362 3665 templo
1420 3603 1578 3646 ores.
1671 3582 2033 3645 Praelucsnt
2081 3585 2189 3661 igi>-

497 3776 552 3847 1)
588 3776 865 3833 Idolatria
898 3776 1098 3847 populi
1134 3776 1332 3831 Israel.
1405 3774 1461 3846 2)
1508 3774 1783 3831 Idolatria
1816 3777 2189 3845 papistarum.
