2575 4225
219 272 286 351 Ι’212
520 288 642 371 Caput
665 288 842 353 secundum

217 469 297 531 rnen
318 485 445 544 meum,
476 474 514 530 ut
543 487 616 530 mea
645 468 746 533 virtus
776 467 812 530 in
841 473 945 531 vestra
972 467 1161 532 infirmitate

220 556 411 637 perficiatur,
435 563 473 619 ut
495 556 561 619 filio
584 576 657 619 meo
680 577 736 620 vos
753 556 932 619 conformes
947 555 1073 633 faciam,
1098 559 1160 637 pri·

220 665 313 707 mum
336 646 372 707 in
394 665 496 723 cruce,
521 645 638 708 deinde
662 646 759 709 etiam
782 646 817 708 in
840 639 967 725 gloria.1
1003 644 1068 707 -Sic
1091 647 1161 727 pul·

220 734 376 797 cherrime
414 735 611 798 conveniunt
648 735 816 797 conciones
859 735 1090 816 prophetarum
1127 740 1163 815 et

221 824 455 905 apostolorum,
480 843 563 904 quae
585 844 698 886 omnes
721 844 759 886 eo
781 823 934 898 tendunt,
967 830 1004 886 ut
1027 824 1162 886 ecclesia

220 932 277 993 per
300 912 463 976 Christum
486 912 737 975 consolationem
759 913 878 975 habeat
899 918 932 974 et
954 913 1101 975 salvetur.

265 1052 453 1163 Iudicate
469 1061 628 1118 matrem
643 1061 833 1131 vestram,
858 1053 1046 1130 iudicate,
1068 1074 1160 1135 quo·

312 1144 415 1207 niam
437 1145 525 1225 ipsa
547 1149 625 1206 nori
648 1149 707 1207 est
731 1163 831 1206 uxor
856 1164 956 1219 mea,
991 1164 1059 1205 nec
1088 1164 1161 1223 ego
1273 1204 1285 1222 Α

221 1300 224 1304 Α
264 1233 436 1296 maritus
460 1233 557 1295 eius.

218 1469 220 1474 X
279 1399 408 1472 stquam
430 1392 587 1475 propheta
609 1392 782 1471 magnifica
804 1392 955 1455 concione
978 1374 1049 1455 illas
1071 1392 1159 1455 inex·
1272 1371 1277 1406 ⁵

282 1481 414 1543 haustas
430 1482 559 1545 divitias
574 1480 811 1543 misericordiae
829 1480 891 1557 dei,
915 1481 950 1543 in
966 1501 1049 1544 novo
1065 1486 1160 1545 testa·
1274 1507 1279 1516 ·

220 1575 330 1633 mento
359 1590 417 1651 per
444 1572 579 1633 verbum
609 1570 759 1633 omnibus
788 1570 965 1633 offerendas
998 1570 1160 1651 praedica·

220 1660 276 1735 vit,
301 1659 456 1723 convertit
478 1679 511 1721 se
535 1658 576 1720 ad
597 1658 748 1738 reliquias
763 1658 878 1721 veteris
894 1659 1015 1740 populi,
1041 1665 1073 1721 et
1089 1680 1160 1722 con·

219 1744 367 1819 cionatur
389 1747 428 1809 de
452 1767 630 1828 synagoga,
661 1767 743 1826 quae
772 1747 939 1828 repudiato
962 1747 1089 1811 Christo
1120 1768 1163 1811 ex

219 1839 290 1917 lege
321 1837 470 1917 sperabat
498 1837 721 1898 remissionem
755 1842 958 1917 peccatorum
993 1842 1025 1899 et
1058 1838 1162 1928 vitam

221 1919 414 1989 aeternam.²
464 1925 523 1988 Est
545 1930 654 1987 autem
677 1926 756 1987 haec
779 1925 819 1986 de
842 1944 1023 2005 synagogae
1050 1946 1160 2006 pecca·

218 2016 261 2087 tis
285 2020 317 2077 et
338 2012 451 2095 poenis
474 2014 654 2076 necessaria
676 2012 796 2089 concio,
820 2034 886 2076 non
909 2014 1014 2077 solum
1029 2008 1163 2096 propter

220 2124 284 2179 eos,
309 2103 366 2182 qui
388 2102 596 2167 convertendi
618 2108 709 2165 erant
728 2102 769 2165 ad
785 2102 949 2166 Christum
964 2123 1005 2165 ex
1019 2103 1160 2181 Iudaeis,

219 2191 276 2255 sed
300 2191 398 2253 etiam
420 2198 550 2273 propter
572 2191 751 2268 credentes,
780 2211 821 2253 ne
843 2187 912 2254 hoc‘
928 2192 1079 2256 scandalo
1102 2194 1161 2255 im·

219 2281 292 2362 piae
315 2279 533 2342 multitudinis
557 2280 718 2356 commoti,
744 2281 868 2343 deserto
895 2279 1021 2344 Christo
1045 2282 1088 2344 ad
1111 2303 1161 2362 sy-

219 2368 732 2538 nagogaaslipnggnMplpepvppsseeplfpt.
751 2459 957 2536 vaticinatur,
994 2459 1163 2522 Christum

220 2548 288 2610 fore
322 2547 358 2607 in
386 2549 516 2609 ruinam
549 2553 582 2610 et
615 2548 878 2610 resurrectionem
913 2548 1091 2611 multorum
1124 2548 1162 2611 in

219 2635 328 2697 Israel.
375 2635 439 2706 Qui
469 2635 557 2696 enim
586 2657 661 2698 eum
691 2637 930 2717 amplectuntur
958 2643 991 2700 et
1018 2637 1056 2698 in
1085 2657 1163 2700 eum

221 2721 371 2798 credunt,
402 2723 454 2785 his
483 2730 531 2786 est
559 2725 595 2786 in
625 2726 904 2801 resurrectionem,
934 2745 1011 2788 narn
1033 2725 1164 2795 liberati

221 2831 279 2892 per
316 2809 480 2874 Christum
518 2833 537 2874 a
573 2815 712 2895 peccatis
762 2815 901 2878 retinent
939 2835 1031 2896 spem
1076 2815 1163 2878 vitae

220 2906 378 2964 aeternae.
426 2901 489 2974 Qui
513 2907 622 2966 autem
644 2923 711 2964 non
734 2903 877 2978 credunt,
901 2902 953 2966 his
976 2908 1025 2966 est
1047 2903 1083 2965 in
1099 2905 1162 2967 rui-

219 3010 307 3052 nam.
354 2989 465 3062 Qualis
488 2997 597 3054 autern
620 3011 658 3053 ca
681 2991 774 3053 ruina
798 2992 847 3068 sit,
873 3011 1023 3072 praesens
1048 2994 1163 3056 concio

217 3080 394 3168 prophetae
416 3079 572 3155 ostendet,
597 3079 639 3141 ad
662 3079 897 3143 confirmandos
921 3079 1088 3144 credentes
1109 3081 1162 3144 ad-

220 3166 356 3229 modum
379 3169 568 3243 necessaria,
600 3189 642 3230 ne
665 3169 871 3231 offendantur
893 3170 955 3232 ista
978 3189 1164 3251 synagogae
1271 3161 1285 3211 ·'

221 3255 414 3337 pertinacia,
445 3257 501 3318 sed
524 3257 632 3337 potius
656 3257 773 3336 gratias
797 3263 895 3338 agant
915 3257 1080 3321 liberatori
1104 3280 1164 3322 suo
1272 3273 1285 3298 '¹

221 3344 358 3421 Christo,
382 3364 439 3424 per
461 3365 560 3423 quern
582 3347 623 3408 ab
647 3345 717 3408 istis
741 3351 812 3408 tum
827 3347 974 3428 peccatis,
1000 3352 1074 3410 tum
1090 3369 1152 3430 pcc

220 3433 272 3495 nis
295 3433 422 3496 liberati
445 3439 530 3509 sunt,
555 3433 591 3494 in
609 3434 727 3513 quibus
743 3454 939 3515 synagogam
954 3434 1117 3517 pertinaci

221 3541 351 3601 pergere
374 3528 407 3584 et
428 3522 531 3604 perire
553 3523 674 3585 vident.

312 3694 339 3761 l)
358 3696 502 3750 Ecclesiae
522 3697 685 3751 consolatio.
714 3697 741 3764 2)
755 3698 931 3752 vaticinium
949 3698 985 3752 de
998 3715 1112 3768 synago

31 3730 49 3811 J}
130 3761 133 3767 '
221 3763 415 3839 interituque
433 3767 582 3834 pertineat.
618 3767 647 3834 3)
667 3768 733 3821 Luc.
753 3767 778 3820 2.
