2575 4225
435 258 556 318 12:5ss
1092 256 1301 336 Caput
1345 260 1643 318 octavum

428 438 659 514 parcet,
709 453 918 512 neque
963 433 1034 494 in
1080 432 1271 495 domo
1319 431 1588 507 domini,
1637 435 1820 494 tanto
1850 430 2066 494 minus
2113 433 2301 496 vobis

424 526 536 602 qui
584 521 789 584 securi
845 541 980 584 esse
1033 521 1227 584 vultis
1281 521 1353 583 in
1407 519 1688 582 Bethave
1705 568 1718 595 ‚
1782 524 1848 583 et
1904 520 1976 581 in
2032 521 2300 600 reliquis

428 614 580 670 lamis
624 616 867 674 vestrae
913 609 1326 673 idololatriae.

712 770 1033 832 Proiectus
1080 775 1178 832 est
1220 769 1462 832 vitulus
1507 730 1657 830 tuus
1704 767 2009 830 Samaria.

428 878 735 982 ervnvu
781 875 1103 938 Samariae
1150 875 1432 956 appellat
1475 875 1754 937 vitulum
1782 875 2082 950 Bethave,
2133 875 2303 938 sicut

576 985 654 1026 ex
721 964 1153 1045 superioribus
1222 964 1302 1026 de
1371 963 1605 1026 Iezrael
1671 968 1853 1044 potes
1922 963 2298 1043 intelligere.

428 1052 778 1115 sumariam
836 1053 1195 1117 nominavit
1251 1052 1425 1132 quod
1481 1053 1593 1115 issa
1650 1057 1786 1114 erat
1840 1053 2020 1132 regni
2079 1059 2296 1133 caput,

428 1146 512 1202 11ιὶ
564 1148 696 1204 erat
739 1142 1164 1223 principatus:
1215 1142 1430 1204 nescio
1477 1162 1612 1221 ego,
1662 1161 1748 1202 an
1792 1140 1947 1203 velit
1984 1142 2303 1222 propheta

428 1238 705 1292 iffa-etum
750 1250 992 1294 novum
1036 1231 1223 1293 vituli
1268 1231 1531 1293 cultum.
1623 1230 1767 1292 Hoc
1813 1230 2019 1308 magis
2065 1231 2296 1311 placet,

428 1318 600 1398 quod
667 1318 985 1398 intelligat
1058 1324 1338 1382 veterem
1422 1319 1669 1381 cultum
1685 1367 1698 1394 ‚
1779 1337 1976 1398 quem
2051 1318 2300 1380 cultum

428 1406 610 1470 vitun·
677 1426 791 1486 per
858 1412 1303 1489 contemptum
1371 1408 1665 1470 nominat
1682 1457 1695 1482 ‚
1778 1419 1911 1470 ‘non
1994 1407 2303 1487 dignatur

428 1514 576 1554 mun
620 1494 883 1558 nomine
930 1496 1052 1559 dei.

883 1656 1049 1730 Quia
1093 1662 1361 1719 ventum
1407 1656 1837 1719 seminabunt.

428 1762 508 1866 V
516 1784 714 1826 Effi'rvm
757 1762 1070 1825 seminare
1116 1763 1322 1842 figura
1349 1763 1748 1842 ⁴proverbiali
1791 1761 2052 1824 dicitur:
2103 1780 2305 1840 quam

560 1850 931 1932 simpliciter
985 1851 1321 1913 referimus
1367 1850 1452 1912 ad
1521 1851 1741 1913 omnia
1796 1849 2012 1914 studia
2055 1849 2300 1925 inania,

428 1939 612 2018 quasi
656 1939 937 2015 diceret,
1004 1939 1171 2001 nihil
1230 1940 1554 2002 seminant
1571 1989 1584 2015 ,
1659 1946 1726 2002 at
1792 1939 2056 2002 interim
2117 1938 2301 2000 semi-

428 2050 576 2090 nare
647 2048 713 2090 se
769 2034 1029 2109 putant,
1101 2034 1327 2111 postea
1380 2028 1496 2090 ubi
1554 2027 1637 2090 ad
1694 2034 2003 2103 mortem,
2065 2027 2135 2089 id
2185 2032 2300 2102 est,

436 2137 704 2179 1··2·:†=ssem
750 2123 1131 2198 perventum
1178 2118 1389 2193 fuerit,
1439 2123 1685 2180 metent
1728 2118 2014 2180 fructum
2041 2117 2300 2192 laboris,

428 2207 492 2263 izi
544 2210 637 2267 est
653 2254 666 2280 ,
717 2205 985 2286 stipulas
1004 2255 1018 2282 ‚
1075 2212 1352 2269 mortem
1405 2212 1469 2269 et
1524 2207 1984 2269 conscientiam
2037 2206 2299 2267 malam.

428 2295 671 2356 Stultus
701 2292 898 2369 labor,
942 2294 1169 2357 inutile
1201 2294 1580 2375 praemium,
1629 2296 1885 2357 falletur
1914 2314 2061 2375 spes
2092 2299 2303 2357 vestra

428 2403 556 2459 qua
601 2382 951 2464 expectatis
997 2383 1279 2446 fructum
1325 2383 1718 2446 idololatriae
1762 2389 2024 2448 vestrae.

633 2541 956 2614 Quoniam
1000 2543 1071 2605 in
1115 2543 1618 2624 proiectamenta
1662 2542 1783 2606 erit
1825 2542 2082 2605 vitulus.

428 2647 588 2755 Ruit
618 2648 1041 2751 ‘Assyriorum
1086 2648 1372 2713 visitabit
1415 2649 1590 2752 hunc
1615 2648 1928 2751 ‘vitulum‚
1991 2656 2057 2712 et
2101 2655 2303 2712 vasta·

571 2739 667 2799 b1t
712 2756 975 2798 omnem
1042 2743 1304 2815 terram,
1377 2743 1443 2801 et
1508 2758 1636 2818 1ps1
1700 2736 2167 2819 dispergentur,
2242 2742 2306 2799 et

432 2830 615 2887 crunt
658 2824 730 2886 in
790 2824 1161 2890 nationibus
1180 2876 1193 2903 ‚
1264 2826 1729 2889 transferentur
1747 2875 1760 2902 ‚
1833 2832 1898 2889 et
1965 2826 2099 2888 iam
2169 2846 2305 2889 non

428 2920 616 2977 [sumt
658 2913 730 2975 in
775 2919 945 2975 terra
988 2933 1106 2976 sua
1121 2965 1135 2991 ,
1197 2914 1312 2978 sed
1355 2915 1574 2979 vivent
1628 2914 2080 2977 miserabiliter
2134 2914 2306 2976 inter

428 3011 666 3083 guntes.

777 3164 1029 3244 Onager
1073 3163 1394 3226 solitarius
1441 3162 1565 3225 sibi
1611 3162 1944 3243 Ephraim.

432 3263 700 3379 Omana
746 3269 856 3331 hic
899 3269 1256 3372 descriptus
1279 3275 1402 3373 ‘est
1445 3269 1529 3372 in·
1560 3270 1678 3331 Iob
1695 3264 1748 3345 ‚²
1803 3274 1870 3331 et
1913 3268 2134 3330 asinus
2182 3269 2304 3348 syl-

548 3362 753 3421 vester
798 3363 912 3434 est,
963 3378 1077 3438 qm
1118 3378 1404 3421 maxime
1450 3359 1695 3421 ahenus
1743 3362 1841 3420 est
1885 3376 1924 3419 a
1969 3362 2285 3419 consuetu

428 3447 576 3509 dine
621 3445 984 3510 hominum.
1061 3446 1263 3510 Addit
1294 3447 1610 3510 solitarius
1642 3451 1956 3521 notanter,
2003 3450 2080 3506 ut
2111 3445 2282 3525 signi

432 3539 508 3599 fic
516 3543 576 3599 st
596 3536 1053 3617 proprietatem
1076 3556 1275 3617 quam
1297 3536 1468 3613 velit,
1491 3535 1678 3617 quasi
1692 3534 1960 3599 diceret:
1989 3534 2282 3615 Ephrain

611 3726 666 3794 1)
704 3727 825 3783 Iob.
863 3728 913 3782 6.
953 3727 1036 3783 11.
1074 3726 1162 3782 24.
1200 3732 1258 3783 et
1293 3727 1380 3782 39.
