2575 4225
178 212 243 301 232
492 209 598 292 Caput
619 208 799 277 secundum

180 440 185 447 .
223 442 226 445 ,
266 389 370 451 Vocat
402 392 512 451 autem
539 387 631 469 hic,v
654 386 738 454 sicut
768 406 865 469 supra
898 381 965 462 κατ’
994 384 1122 475 ἐξοχήν,

177 477 247 542 dies
286 476 425 553 Baalim,
454 476 618 562 studium
659 476 740 557 legis
785 482 832 560 et¹
855 477 1010 557 legalium
1056 481 1122 541 cul-

177 573 272 630 tuum
316 565 526 629 coniunctum
572 585 648 629 eum
693 570 883 649 contemptu
924 566 1042 631 Christi
1088 574 1126 633 et

178 648 345 735 evangelii.
392 654 478 728 Quid
508 654 597 718 enim
626 653 688 717 deo
718 654 913 736 placiturum
943 656 1122 735 credimus,

177 744 237 821 ubi
251 744 356 805 filium
379 763 476 806 suum
490 742 597 819 abiiei,
621 748 655 819 11
669 744 876 809 suavissimas
892 744 1125 825 promissiones

179 832 343 895 contemni
365 832 477 896 videt?
520 832 632 913 Igitur,
657 832 718 895 etsi
739 832 856 913 legales
879 834 984 897 cultus
1006 835 1126 897 retine»

178 928 264 997 rent,
294 927 327 983 et
356 919 430 997 deo,
468 942 490 983 a
517 940 583 1002 quo
617 940 659 983 ex
684 922 831 1003 Aegypto
861 921 988 987 liberati
1019 929 1123 1002 erant,

179 1009 402 1086 sacrificarent,
418 1016 529 1080 tamen
544 1029 598 1073 eos
612 1008 756 1088 damnat,
777 1030 814 1073 ac
830 1010 909 1073 dicit
925 1011 1041 1077 oblitos
1057 1013 1125 1079 dei,

268 1099 410 1179 Pertinet
437 1099 537 1179 igitur
557 1098 639 1161 haec
665 1104 734 1161 tota
760 1098 870 1163 concio
893 1120 945 1177 1ο,
976 1107 1014 1164 ut
1036 1108 1127 1183 post·

179 1208 279 1269 quam
302 1187 504 1267 evangelium
519 1187 560 1249 de
582 1187 648 1249 filio
672 1186 725 1252 dei
747 1193 780 1251 et
802 1188 871 1251 eius
886 1189 1051 1269 beneficiis
1069 1191 1125 1273 111»

178 1268 319 1353 notum
336 1276 372 1341 id
407 1296 519 1339 omnes
549 1277 797 1357 amplectamur,
831 1282 889 1340 aut
916 1284 1126 1359 expectemus

108 1381 110 1388 ’
180 1365 310 1429 easdem
346 1384 481 1447 poenas,
517 1384 598 1445 quas
631 1366 752 1447 populo
786 1386 845 1429 suo
879 1366 1001 1429 inflixit
1031 1368 1126 1447 deus.

179 1454 263 1517 Nam
291 1455 352 1518 etsi
375 1454 455 1517 deus
477 1459 609 1535 peccata
629 1454 700 1519 odit
721 1458 832 1521 tamen
854 1454 896 1519 ad
924 1455 987 1517 alia
1013 1458 1132 1520 omnia

181 1549 230 1609 est
251 1542 477 1624 igno'scentior,
502 1548 725 1623 contemptum
748 1550 857 1606 autem
880 1544 956 1621 filii,
979 1544 1042 1607 1111
1065 1553 1129 1622 111,

182 1652 258 1694 suae
281 1631 528 1707 misericordiae,
552 1631 634 1693 ferre
650 1652 718 1694 non
740 1637 855 1713 potest.
901 1632 1014 1713 Itaque
1030 1634 1131 1703 facile

180 1720 339 1783 iudicium
361 1725 419 1796 est,
444 1720 523 1800 quid
543 1725 675 1783 maneat
697 1721 859 1801 pontificis
876 1720 1015 1798 turbam,
1041 1742 1131 1803 quae

182 1808 363 1872 doctrinam
396 1807 474 1871 fidei
501 1807 636 1871 damnat
667 1814 825 1890 tanquam
860 1811 1128 1875 nocentissimam
1208 1852 1211 1859 .

182 1898 339 1975 haeresin,
357 1902 391 1959 et
405 1896 519 1961 suadet
529 1898 718 1960 meritorum
733 1918 791 1961 seu
807 1918 941 1981 operum
953 1900 1129 1981 praesidia.

277 2076 346 2121 ece
382 2063 514 2120 autem
552 2076 622 2137 ego
660 2057 909 2139 persuadebo
946 2080 1047 2137 eam,
1088 2067 1133 2125 et

290 2143 481 2207 deducam
508 2145 550 2207 in
578 2146 788 2226 desertum,
821 2154 861 2212 et
887 2149 1014 2212 amice
1038 2169 1130 2212 cum

229 2233 444 2312 ealoqnar.
490 2234 573 2313 Ego
589 2234 690 2297 dabo
711 2237 745 2298 11
761 2238 805 2299 ab
822 2257 863 2299 eo
881 2238 971 2300 loco
986 2235 1131 2302 vineas

229 2341 344 2398 suas,⁴
357 2326 396 2384 et
409 2321 553 2384 vallem
568 2323 713 2409 Aclror,
736 2330 779 2402 ut
794 2325 1001 2408 aperiatur
1024 2347 1128 2408 spes.

184 2461 325 2584 *Hunc
338 2463 456 2540 locum,
480 2463 558 2544 quia
572 2465 688 2545 plenus
703 2466 887 2546 figurarum,
913 2473 945 2530 et
959 2459 1032 2531 ideo
1048 2465 1130 2548 quo-

280 2572 343 2633 que
355 2552 518 2615 obscurior
529 2558 586 2629 est,
598 2554 685 2616 varie
696 2555 885 2641 interpretes
897 2564 1130 2637 exposuerunt,

187 2639 244 2703 sed
266 2659 327 2702 nos
341 2657 450 2702 veram
473 2637 668 2703 sententiam
683 2637 754 2706 tum
770 2644 902 2707 demum
918 2646 1130 2726 attingemus,

186 2747 261 2790 cum
295 2728 464 2815 diligenter
497 2729 611 2818 seriem
648 2731 747 2794 huius
781 2733 944 2796 concionis
982 2735 1132 2821 observa—

186 2832 336 2880 venmus.
1089 2861 1114 2905 ρ,

275 2901 421 2968 Primum
443 2913 541 2988 caput
563 2912 637 2988 post
659 2909 849 2972 vaticinium
876 2910 917 2972 do
945 2911 1132 2974 calamitate

187 2994 299 3058 decem
313 2994 482 3071 tribuum,
506 2995 605 3058 'etiam
627 3016 725 3076 regno
747 2998 847 3060 Iudae
877 2999 1020 3063 minatur
1042 3001 1133 3063 futu·

187 3101 273 3158 rum,
302 3087 341 3145 ut
362 3084 404 3146 sit
428 3085 593 3159 ‚loommi‘
611 3105 684 3147 vnon
703 3087 858 3167 populus.
905 3089 970 3151 Hic
992 3081 1132 3170 prophe—

184 3175 256 3234 tam
279 3166 364 3250 cogit
385 3171 574 3249 necessitas,
605 3179 643 3236 ut
665 3174 828 3252 ostendat,
860 3196 959 3256 quam
982 3179 1025 3240 111
1047 3177 1133 3240 deus

187 3259 357 3322 habiturus
391 3260 571 3338 ecclesiam,
607 3262 731 3326 abiecta
766 3283 929 3344 synagoga
962 3273 995 3329 et
1027 3267 1132 3329 veteri

187 3346 318 3429 populo.
357 3348 447 3411 Dixit
461 3350 570 3430 itaque
594 3350 692 3412 deum
706 3352 996 3433 multiplicamrum
1017 3375 1133 3418 nume·

185 3456 261 3509 rum
292 3437 432 3514 filiorum
459 3437 558 3501 Israel
592 3439 677 3503 siout
705 3459 835 3512 arenam
871 3443 978 3506 maris.
1037 3444 1135 3507 Haec

189 3609 357 3731 minatssrln
378 3627 466 3678 marg.
489 3612 552 3666 coll.
575 3613 635 3666 len.
662 3589 777 3680 legitur:
810 3615 907 3669 Etiam
929 3578 1017 3682 regno
1039 3615 1136 3671 Iudae
