<?xml version="1.0" encoding="UTF-8"?>
<!DOCTYPE html PUBLIC "-//W3C//DTD XHTML 1.0 Transitional//EN"
    "http://www.w3.org/TR/xhtml1/DTD/xhtml1-transitional.dtd">
<html xmlns="http://www.w3.org/1999/xhtml" xml:lang="en" lang="en">
 <head>
  <title>
</title>
<meta http-equiv="Content-Type" content="text/html;charset=utf-8" />
  <meta name='ocr-system' content='tesseract 3.04.00' />
  <meta name='ocr-capabilities' content='ocr_page ocr_carea ocr_par ocr_line ocrx_word'/>
</head>
<body>
  <div class='ocr_page' id='page_1' title='image "./exegeticaoperal13luthgoog_0191.png"; bbox 0 0 2575 4225; ppageno 0'>
   <div class='ocr_carea' id='block_1_1' title="bbox 230 213 834 343">
    <p class='ocr_par' dir='ltr' id='par_1_1' title="bbox 230 213 834 343">
     <span class='ocr_line' id='line_1_1' title="bbox 230 213 834 343; baseline -0.008 -16"><span class='ocrx_word' id='word_1_1' title='bbox 230 267 294 329; x_wconf 90' lang='lat'>180</span> <span class='ocrx_word' id='word_1_2' title='bbox 527 305 530 309; x_wconf 90' lang='lat'>-</span> <span class='ocrx_word' id='word_1_3' title='bbox 563 213 669 343; x_wconf 70' lang='lat' dir='ltr'>(laput</span> <span class='ocrx_word' id='word_1_4' title='bbox 690 261 834 342; x_wconf 89' lang='lat' dir='ltr'>primum</span> 
     </span>
    </p>
   </div>
   <div class='ocr_carea' id='block_1_2' title="bbox 322 436 1172 513">
    <p class='ocr_par' dir='ltr' id='par_1_2' title="bbox 322 436 1172 513">
     <span class='ocr_line' id='line_1_2' title="bbox 322 436 1172 513; baseline -0.002 -10"><span class='ocrx_word' id='word_1_5' title='bbox 322 436 425 503; x_wconf 86' lang='lat' dir='ltr'>¹Deus</span> <span class='ocrx_word' id='word_1_6' title='bbox 448 446 558 504; x_wconf 85' lang='lat' dir='ltr'>autem</span> <span class='ocrx_word' id='word_1_7' title='bbox 580 443 653 503; x_wconf 88' lang='lat' dir='ltr'>tum</span> <span class='ocrx_word' id='word_1_8' title='bbox 675 436 808 501; x_wconf 88' lang='lat' dir='ltr'>demum</span> <span class='ocrx_word' id='word_1_9' title='bbox 830 457 904 501; x_wconf 89' lang='lat' dir='ltr'>vere</span> <span class='ocrx_word' id='word_1_10' title='bbox 933 436 1061 513; x_wconf 89' lang='lat' dir='ltr'>colitur,</span> <span class='ocrx_word' id='word_1_11' title='bbox 1094 458 1172 501; x_wconf 91' lang='lat' dir='ltr'>cum</span> 
     </span>
    </p>
   </div>
   <div class='ocr_carea' id='block_1_3' title="bbox 13 492 1283 788">
    <p class='ocr_par' dir='ltr' id='par_1_3' title="bbox 13 492 1283 788">
     <span class='ocr_line' id='line_1_3' title="bbox 13 492 1283 608; baseline -0.007 -10"><span class='ocrx_word' id='word_1_12' title='bbox 13 492 38 598; x_wconf 67' lang='lat' dir='ltr'>l</span> <span class='ocrx_word' id='word_1_13' title='bbox 123 605 125 608; x_wconf 18' lang='lat'>¹</span> <span class='ocrx_word' id='word_1_14' title='bbox 227 530 406 595; x_wconf 89' lang='lat' dir='ltr'>secundum</span> <span class='ocrx_word' id='word_1_15' title='bbox 439 530 574 592; x_wconf 89' lang='lat' dir='ltr'>verbum</span> <span class='ocrx_word' id='word_1_16' title='bbox 608 546 705 590; x_wconf 90' lang='lat' dir='ltr'>suum</span> <span class='ocrx_word' id='word_1_17' title='bbox 734 526 861 603; x_wconf 75' lang='lat' dir='ltr'>collum,</span> <span class='ocrx_word' id='word_1_18' title='bbox 897 527 958 589; x_wconf 91' lang='lat' dir='ltr'>hoe</span> <span class='ocrx_word' id='word_1_19' title='bbox 992 532 1057 603; x_wconf 90' lang='lat' dir='ltr'>est,</span> <span class='ocrx_word' id='word_1_20' title='bbox 1094 546 1172 591; x_wconf 91' lang='lat' dir='ltr'>cum</span> <span class='ocrx_word' id='word_1_21' title='bbox 1282 556 1283 589; x_wconf 62' lang='lat'>1</span> 
     </span>
     <span class='ocr_line' id='line_1_4' title="bbox 14 602 1283 694; baseline -0.008 -7"><span class='ocrx_word' id='word_1_22' title='bbox 14 602 28 640; x_wconf 36' lang='grc' dir='ltr'>’ἲ</span> <span class='ocrx_word' id='word_1_23' title='bbox 227 619 331 683; x_wconf 85' lang='lat' dir='ltr'>animi</span> <span class='ocrx_word' id='word_1_24' title='bbox 352 618 552 694; x_wconf 79' lang='lat' dir='ltr'>reverentur,</span> <span class='ocrx_word' id='word_1_25' title='bbox 582 621 616 679; x_wconf 90' lang='lat' dir='ltr'>et</span> <span class='ocrx_word' id='word_1_26' title='bbox 637 616 756 679; x_wconf 88' lang='lat' dir='ltr'>timent</span> <span class='ocrx_word' id='word_1_27' title='bbox 777 616 892 693; x_wconf 89' lang='lat' dir='ltr'>deum,</span> <span class='ocrx_word' id='word_1_28' title='bbox 921 614 1040 679; x_wconf 88' lang='lat' dir='ltr'>deinde</span> <span class='ocrx_word' id='word_1_29' title='bbox 1070 616 1172 680; x_wconf 88' lang='lat' dir='ltr'>etiam</span> <span class='ocrx_word' id='word_1_30' title='bbox 1281 608 1283 637; x_wconf 56' lang='lat'>¹</span> 
     </span>
     <span class='ocr_line' id='line_1_5' title="bbox 228 702 1283 788; baseline -0.004 -17"><span class='ocrx_word' id='word_1_31' title='bbox 228 708 282 771; x_wconf 91' lang='lat' dir='ltr'>dei</span> <span class='ocrx_word' id='word_1_32' title='bbox 303 707 442 771; x_wconf 86' lang='lat' dir='ltr'>bonitati</span> <span class='ocrx_word' id='word_1_33' title='bbox 464 705 579 769; x_wconf 89' lang='lat' dir='ltr'>fidunt.</span> <span class='ocrx_word' id='word_1_34' title='bbox 625 706 671 768; x_wconf 93' lang='lat' dir='ltr'>Hi</span> <span class='ocrx_word' id='word_1_35' title='bbox 700 704 866 788; x_wconf 73' lang='lat' dir='ltr'>praecipui</span> <span class='ocrx_word' id='word_1_36' title='bbox 893 710 926 768; x_wconf 90' lang='lat' dir='ltr'>et</span> <span class='ocrx_word' id='word_1_37' title='bbox 954 704 1075 769; x_wconf 87' lang='lat' dir='ltr'>interni</span> <span class='ocrx_word' id='word_1_38' title='bbox 1106 706 1171 769; x_wconf 85' lang='lat' dir='ltr'>cul-</span> <span class='ocrx_word' id='word_1_39' title='bbox 1281 702 1283 721; x_wconf 65' lang='lat'><strong><em>¹</em></strong></span> 
     </span>
    </p>
   </div>
   <div class='ocr_carea' id='block_1_4' title="bbox 227 794 1172 877">
    <p class='ocr_par' dir='ltr' id='par_1_4' title="bbox 227 794 1172 877">
     <span class='ocr_line' id='line_1_6' title="bbox 227 794 1172 877; baseline -0.002 -17"><span class='ocrx_word' id='word_1_40' title='bbox 227 804 281 861; x_wconf 88' lang='lat' dir='ltr'>tus</span> <span class='ocrx_word' id='word_1_41' title='bbox 310 802 403 872; x_wconf 91' lang='lat' dir='ltr'>sunt,</span> <span class='ocrx_word' id='word_1_42' title='bbox 434 795 494 859; x_wconf 91' lang='lat' dir='ltr'>hos</span> <span class='ocrx_word' id='word_1_43' title='bbox 523 800 636 877; x_wconf 87' lang='lat' dir='ltr'>postea</span> <span class='ocrx_word' id='word_1_44' title='bbox 663 794 762 858; x_wconf 88' lang='lat' dir='ltr'>etiam</span> <span class='ocrx_word' id='word_1_45' title='bbox 788 794 914 857; x_wconf 87' lang='lat' dir='ltr'>externi</span> <span class='ocrx_word' id='word_1_46' title='bbox 942 794 1048 857; x_wconf 86' lang='lat' dir='ltr'>cultus</span> <span class='ocrx_word' id='word_1_47' title='bbox 1077 796 1172 875; x_wconf 86' lang='lat' dir='ltr'>sequi</span> 
     </span>
    </p>
   </div>
   <div class='ocr_carea' id='block_1_5' title="bbox 227 883 1283 1232">
    <p class='ocr_par' dir='ltr' id='par_1_5' title="bbox 227 883 1283 1232">
     <span class='ocr_line' id='line_1_7' title="bbox 229 883 1283 975; baseline -0.003 -26"><span class='ocrx_word' id='word_1_48' title='bbox 229 886 364 962; x_wconf 89' lang='lat' dir='ltr'>debent,</span> <span class='ocrx_word' id='word_1_49' title='bbox 387 906 454 947; x_wconf 91' lang='lat' dir='ltr'>non</span> <span class='ocrx_word' id='word_1_50' title='bbox 477 885 587 965; x_wconf 88' lang='lat' dir='ltr'>quales</span> <span class='ocrx_word' id='word_1_51' title='bbox 609 903 669 947; x_wconf 90' lang='lat' dir='ltr'>nos</span> <span class='ocrx_word' id='word_1_52' title='bbox 691 884 785 947; x_wconf 89' lang='lat' dir='ltr'>nobis</span> <span class='ocrx_word' id='word_1_53' title='bbox 807 883 970 963; x_wconf 84' lang='lat' dir='ltr'>fingimus,</span> <span class='ocrx_word' id='word_1_54' title='bbox 995 883 1080 946; x_wconf 86' lang='lat' dir='ltr'>sicut</span> <span class='ocrx_word' id='word_1_55' title='bbox 1101 884 1171 965; x_wconf 88' lang='lat' dir='ltr'>(pa-</span> <span class='ocrx_word' id='word_1_56' title='bbox 1204 914 1210 925; x_wconf 80' lang='lat'><em>,</em></span> <span class='ocrx_word' id='word_1_57' title='bbox 1280 906 1283 975; x_wconf 58' lang='grc' dir='ltr'><strong>ς</strong></span> 
     </span>
     <span class='ocr_line' id='line_1_8' title="bbox 229 972 1283 1057; baseline -0.002 -20"><span class='ocrx_word' id='word_1_58' title='bbox 229 980 325 1057; x_wconf 88' lang='lat' dir='ltr'>patus</span> <span class='ocrx_word' id='word_1_59' title='bbox 347 974 444 1037; x_wconf 84' lang='lat' dir='ltr'>finxit</span> <span class='ocrx_word' id='word_1_60' title='bbox 457 974 581 1050; x_wconf 85' lang='lat' dir='ltr'>missas,</span> <span class='ocrx_word' id='word_1_61' title='bbox 606 979 689 1048; x_wconf 90' lang='lat' dir='ltr'>vota,</span> <span class='ocrx_word' id='word_1_62' title='bbox 714 972 957 1036; x_wconf 75' lang='lat' dir='ltr'>intercessiones</span> <span class='ocrx_word' id='word_1_63' title='bbox 972 977 1169 1049; x_wconf 88' lang='lat' dir='ltr'>sanctorum,</span> <span class='ocrx_word' id='word_1_64' title='bbox 1281 1030 1283 1041; x_wconf 91' lang='grc'>,</span> 
     </span>
     <span class='ocr_line' id='line_1_9' title="bbox 227 1060 1283 1139; baseline -0.001 -13"><span class='ocrx_word' id='word_1_65' title='bbox 227 1064 540 1127; x_wconf 83' lang='lat' dir='ltr'>meritaeanctorum</span> <span class='ocrx_word' id='word_1_66' title='bbox 554 1062 827 1125; x_wconf 70' lang='lat' dir='ltr'>distribuendam</span> <span class='ocrx_word' id='word_1_67' title='bbox 842 1060 1018 1137; x_wconf 88' lang='lat' dir='ltr'>ecclesiam,</span> <span class='ocrx_word' id='word_1_68' title='bbox 1035 1062 1169 1138; x_wconf 88' lang='lat' dir='ltr'>ieiunia,</span> <span class='ocrx_word' id='word_1_69' title='bbox 1281 1102 1283 1139; x_wconf 55' lang='lat'><em>2</em></span> 
     </span>
     <span class='ocr_line' id='line_1_10' title="bbox 229 1150 1283 1232; baseline -0.002 -17"><span class='ocrx_word' id='word_1_70' title='bbox 229 1159 262 1216; x_wconf 92' lang='lat' dir='ltr'>et</span> <span class='ocrx_word' id='word_1_71' title='bbox 298 1151 372 1216; x_wconf 89' lang='lat' dir='ltr'>ideo</span> <span class='ocrx_word' id='word_1_72' title='bbox 410 1152 576 1215; x_wconf 77' lang='lat' dir='ltr'>idolatriae</span> <span class='ocrx_word' id='word_1_73' title='bbox 611 1150 733 1213; x_wconf 83' lang='lat' dir='ltr'>crimen</span> <span class='ocrx_word' id='word_1_74' title='bbox 767 1152 906 1230; x_wconf 85' lang='lat' dir='ltr'>effugere</span> <span class='ocrx_word' id='word_1_75' title='bbox 940 1171 1007 1215; x_wconf 91' lang='lat' dir='ltr'>non</span> <span class='ocrx_word' id='word_1_76' title='bbox 1047 1152 1171 1232; x_wconf 88' lang='lat' dir='ltr'>potest)</span> <span class='ocrx_word' id='word_1_77' title='bbox 1255 1156 1283 1205; x_wconf 80' lang='lat'>.¹</span> 
     </span>
    </p>
   </div>
   <div class='ocr_carea' id='block_1_6' title="bbox 227 1239 1172 1760">
    <p class='ocr_par' dir='ltr' id='par_1_6' title="bbox 227 1239 1172 1760">
     <span class='ocr_line' id='line_1_11' title="bbox 227 1239 1172 1323; baseline -0.001 -19"><span class='ocrx_word' id='word_1_78' title='bbox 227 1241 285 1305; x_wconf 84' lang='lat' dir='ltr'>aed</span> <span class='ocrx_word' id='word_1_79' title='bbox 313 1241 424 1322; x_wconf 87' lang='lat' dir='ltr'>quales</span> <span class='ocrx_word' id='word_1_80' title='bbox 458 1239 647 1323; x_wconf 87' lang='lat' dir='ltr'>praescribit</span> <span class='ocrx_word' id='word_1_81' title='bbox 680 1240 734 1303; x_wconf 90' lang='lat' dir='ltr'>dei</span> <span class='ocrx_word' id='word_1_82' title='bbox 767 1240 901 1303; x_wconf 89' lang='lat' dir='ltr'>verbum</span> <span class='ocrx_word' id='word_1_83' title='bbox 936 1260 993 1303; x_wconf 86' lang='lat' dir='ltr'>seu</span> <span class='ocrx_word' id='word_1_84' title='bbox 1027 1240 1172 1303; x_wconf 86' lang='lat' dir='ltr'>secunda</span> 
     </span>
     <span class='ocr_line' id='line_1_12' title="bbox 227 1331 1170 1498; baseline -0.003 -16"><span class='ocrx_word' id='word_1_85' title='bbox 227 1331 452 1482; x_wconf 55' lang='lat' dir='ltr'>tabllh&#39;ludaei</span> <span class='ocrx_word' id='word_1_86' title='bbox 479 1418 590 1498; x_wconf 88' lang='lat' dir='ltr'>igitur,</span> <span class='ocrx_word' id='word_1_87' title='bbox 626 1417 684 1497; x_wconf 88' lang='lat' dir='ltr'>qui</span> <span class='ocrx_word' id='word_1_88' title='bbox 712 1416 821 1480; x_wconf 88' lang='lat' dir='ltr'>relicto</span> <span class='ocrx_word' id='word_1_89' title='bbox 850 1416 1004 1480; x_wconf 87' lang='lat' dir='ltr'>mandato</span> <span class='ocrx_word' id='word_1_90' title='bbox 1038 1416 1092 1479; x_wconf 89' lang='lat' dir='ltr'>dei</span> <span class='ocrx_word' id='word_1_91' title='bbox 1127 1417 1170 1480; x_wconf 91' lang='lat' dir='ltr'>de</span> 
     </span>
     <span class='ocr_line' id='line_1_13' title="bbox 227 1506 1168 1590; baseline -0.003 -18"><span class='ocrx_word' id='word_1_92' title='bbox 227 1510 349 1590; x_wconf 87' lang='lat' dir='ltr'>templo</span> <span class='ocrx_word' id='word_1_93' title='bbox 372 1507 614 1587; x_wconf 86' lang='lat' dir='ltr'>Hierosolymis,</span> <span class='ocrx_word' id='word_1_94' title='bbox 639 1506 862 1569; x_wconf 83' lang='lat' dir='ltr'>sacrificabant</span> <span class='ocrx_word' id='word_1_95' title='bbox 883 1507 920 1568; x_wconf 90' lang='lat' dir='ltr'>in</span> <span class='ocrx_word' id='word_1_96' title='bbox 937 1506 1019 1582; x_wconf 89' lang='lat' dir='ltr'>Dan,</span> <span class='ocrx_word' id='word_1_97' title='bbox 1043 1506 1168 1582; x_wconf 87' lang='lat' dir='ltr'>Bethel‚</span> 
     </span>
     <span class='ocr_line' id='line_1_14' title="bbox 227 1594 1171 1682; baseline -0.003 -22"><span class='ocrx_word' id='word_1_98' title='bbox 227 1597 349 1677; x_wconf 85' lang='lat' dir='ltr'>Gilgcl,</span> <span class='ocrx_word' id='word_1_99' title='bbox 376 1597 413 1659; x_wconf 91' lang='lat' dir='ltr'>in</span> <span class='ocrx_word' id='word_1_100' title='bbox 438 1601 550 1659; x_wconf 89' lang='lat' dir='ltr'>monte</span> <span class='ocrx_word' id='word_1_101' title='bbox 579 1595 741 1682; x_wconf 82' lang='lat' dir='ltr'>Samariae</span> <span class='ocrx_word' id='word_1_102' title='bbox 769 1599 802 1657; x_wconf 89' lang='lat' dir='ltr'>et</span> <span class='ocrx_word' id='word_1_103' title='bbox 830 1594 928 1671; x_wconf 87' lang='lat' dir='ltr'>lucis,</span> <span class='ocrx_word' id='word_1_104' title='bbox 964 1595 1025 1657; x_wconf 89' lang='lat' dir='ltr'>etsi</span> <span class='ocrx_word' id='word_1_105' title='bbox 1054 1615 1171 1659; x_wconf 88' lang='lat' dir='ltr'>verum</span> 
     </span>
     <span class='ocr_line' id='line_1_15' title="bbox 227 1683 1169 1760; baseline -0.003 -11"><span class='ocrx_word' id='word_1_106' title='bbox 227 1686 326 1749; x_wconf 91' lang='lat' dir='ltr'>deum</span> <span class='ocrx_word' id='word_1_107' title='bbox 349 1705 383 1749; x_wconf 90' lang='lat' dir='ltr'>se</span> <span class='ocrx_word' id='word_1_108' title='bbox 406 1686 507 1749; x_wconf 86' lang='lat' dir='ltr'>colere</span> <span class='ocrx_word' id='word_1_109' title='bbox 530 1684 701 1760; x_wconf 85' lang='lat' dir='ltr'>sentirent,</span> <span class='ocrx_word' id='word_1_110' title='bbox 729 1689 839 1747; x_wconf 86' lang='lat' dir='ltr'>tamen</span> <span class='ocrx_word' id='word_1_111' title='bbox 861 1689 953 1746; x_wconf 89' lang='lat' dir='ltr'>erant</span> <span class='ocrx_word' id='word_1_112' title='bbox 975 1683 1080 1747; x_wconf 88' lang='lat' dir='ltr'>odiosi</span> <span class='ocrx_word' id='word_1_113' title='bbox 1101 1685 1169 1747; x_wconf 90' lang='lat' dir='ltr'>ido-</span> 
     </span>
    </p>
   </div>
   <div class='ocr_carea' id='block_1_7' title="bbox 226 1772 1278 1854">
    <p class='ocr_par' dir='ltr' id='par_1_7' title="bbox 226 1772 1278 1854">
     <span class='ocr_line' id='line_1_16' title="bbox 226 1772 1278 1854; baseline 0 -17"><span class='ocrx_word' id='word_1_114' title='bbox 226 1775 335 1837; x_wconf 87' lang='lat' dir='ltr'>latrae.</span> <span class='ocrx_word' id='word_1_115' title='bbox 381 1775 465 1836; x_wconf 87' lang='lat' dir='ltr'>Nam</span> <span class='ocrx_word' id='word_1_116' title='bbox 487 1780 525 1837; x_wconf 93' lang='lat' dir='ltr'>ut</span> <span class='ocrx_word' id='word_1_117' title='bbox 547 1772 587 1836; x_wconf 87' lang='lat' dir='ltr'>de</span> <span class='ocrx_word' id='word_1_118' title='bbox 610 1773 704 1840; x_wconf 90' lang='lat' dir='ltr'>corde</span> <span class='ocrx_word' id='word_1_119' title='bbox 727 1772 828 1854; x_wconf 91' lang='lat' dir='ltr'>impio</span> <span class='ocrx_word' id='word_1_120' title='bbox 852 1772 934 1835; x_wconf 89' lang='lat' dir='ltr'>nihil</span> <span class='ocrx_word' id='word_1_121' title='bbox 956 1772 1111 1849; x_wconf 85' lang='lat' dir='ltr'>dicamne,</span> <span class='ocrx_word' id='word_1_122' title='bbox 1137 1780 1206 1837; x_wconf 89' lang='lat' dir='ltr'>et·</span> <span class='ocrx_word' id='word_1_123' title='bbox 1273 1815 1278 1826; x_wconf 91' lang='lat'>-</span> 
     </span>
    </p>
   </div>
   <div class='ocr_carea' id='block_1_8' title="bbox 227 1862 1172 1944">
    <p class='ocr_par' dir='ltr' id='par_1_8' title="bbox 227 1862 1172 1944">
     <span class='ocr_line' id='line_1_17' title="bbox 227 1862 1172 1944; baseline -0.003 -17"><span class='ocrx_word' id='word_1_124' title='bbox 227 1864 290 1927; x_wconf 88' lang='lat' dir='ltr'>loci</span> <span class='ocrx_word' id='word_1_125' title='bbox 319 1868 352 1925; x_wconf 88' lang='lat' dir='ltr'>et</span> <span class='ocrx_word' id='word_1_126' title='bbox 378 1882 534 1944; x_wconf 87' lang='lat' dir='ltr'>personae</span> <span class='ocrx_word' id='word_1_127' title='bbox 560 1862 684 1925; x_wconf 88' lang='lat' dir='ltr'>ratione</span> <span class='ocrx_word' id='word_1_128' title='bbox 708 1862 850 1936; x_wconf 77' lang='lat' dir='ltr'>¹niciosus</span> <span class='ocrx_word' id='word_1_129' title='bbox 877 1867 946 1924; x_wconf 87' lang='lat' dir='ltr'>erat</span> <span class='ocrx_word' id='word_1_130' title='bbox 974 1862 1097 1939; x_wconf 88' lang='lat' dir='ltr'>cultus,</span> <span class='ocrx_word' id='word_1_131' title='bbox 1133 1862 1172 1924; x_wconf 87' lang='lat' dir='ltr'>in</span> 
     </span>
    </p>
   </div>
   <div class='ocr_carea' id='block_1_9' title="bbox 8 1927 1169 2077">
    <p class='ocr_par' dir='ltr' id='par_1_9' title="bbox 8 1927 1169 2077">
     <span class='ocr_line' id='line_1_18' title="bbox 9 1927 1169 2033; baseline -0.003 -17"><span class='ocrx_word' id='word_1_132' title='bbox 9 1927 20 2017; x_wconf 68' lang='grc' dir='ltr'><strong>ὲ</strong></span> <span class='ocrx_word' id='word_1_133' title='bbox 106 2002 110 2007; x_wconf 83' lang='lat'><em>.</em></span> <span class='ocrx_word' id='word_1_134' title='bbox 227 1972 327 2033; x_wconf 85' lang='lat' dir='ltr'>regno</span> <span class='ocrx_word' id='word_1_135' title='bbox 350 1952 438 2014; x_wconf 87' lang='lat' dir='ltr'>enim</span> <span class='ocrx_word' id='word_1_136' title='bbox 460 1951 543 2014; x_wconf 94' lang='lat' dir='ltr'>Iuda</span> <span class='ocrx_word' id='word_1_137' title='bbox 565 1950 721 2013; x_wconf 79' lang='lat' dir='ltr'>sacrificia</span> <span class='ocrx_word' id='word_1_138' title='bbox 743 1950 898 2014; x_wconf 88' lang='lat' dir='ltr'>mandata</span> <span class='ocrx_word' id='word_1_139' title='bbox 924 1957 1030 2027; x_wconf 84' lang='lat' dir='ltr'>erant,</span> <span class='ocrx_word' id='word_1_140' title='bbox 1060 1958 1094 2014; x_wconf 91' lang='lat' dir='ltr'>et</span> <span class='ocrx_word' id='word_1_141' title='bbox 1122 1971 1169 2013; x_wconf 87' lang='lat' dir='ltr'>sa-</span> 
     </span>
     <span class='ocr_line' id='line_1_19' title="bbox 8 2053 16 2077; baseline 0 0"><span class='ocrx_word' id='word_1_142' title='bbox 8 2053 16 2077; x_wconf 65' lang='lat' dir='ltr'>t</span> 
     </span>
    </p>
   </div>
   <div class='ocr_carea' id='block_1_10' title="bbox 228 2039 1169 2104">
    <p class='ocr_par' dir='ltr' id='par_1_10' title="bbox 228 2039 1169 2104">
     <span class='ocr_line' id='line_1_20' title="bbox 228 2039 1169 2104; baseline -0.003 0"><span class='ocrx_word' id='word_1_143' title='bbox 228 2041 407 2104; x_wconf 88' lang='lat' dir='ltr'>cerdotium</span> <span class='ocrx_word' id='word_1_144' title='bbox 429 2040 676 2103; x_wconf 77' lang='lat' dir='ltr'>administrabat</span> <span class='ocrx_word' id='word_1_145' title='bbox 705 2059 746 2101; x_wconf 88' lang='lat' dir='ltr'>ex</span> <span class='ocrx_word' id='word_1_146' title='bbox 774 2039 928 2102; x_wconf 87' lang='lat' dir='ltr'>mandato</span> <span class='ocrx_word' id='word_1_147' title='bbox 953 2040 1056 2103; x_wconf 88' lang='lat' dir='ltr'>tribus</span> <span class='ocrx_word' id='word_1_148' title='bbox 1079 2040 1169 2103; x_wconf 88' lang='lat' dir='ltr'>Levi.</span> 
     </span>
    </p>
   </div>
   <div class='ocr_carea' id='block_1_11' title="bbox 8 2123 1282 2473">
    <p class='ocr_par' dir='ltr' id='par_1_11' title="bbox 8 2123 1282 2473">
     <span class='ocr_line' id='line_1_21' title="bbox 227 2123 1282 2210; baseline 0 -18"><span class='ocrx_word' id='word_1_149' title='bbox 227 2130 292 2192; x_wconf 82' lang='lat' dir='ltr'>Sed</span> <span class='ocrx_word' id='word_1_150' title='bbox 317 2130 483 2192; x_wconf 90' lang='lat' dir='ltr'>Ierobeam</span> <span class='ocrx_word' id='word_1_151' title='bbox 516 2131 552 2192; x_wconf 92' lang='lat' dir='ltr'>in</span> <span class='ocrx_word' id='word_1_152' title='bbox 580 2149 679 2210; x_wconf 87' lang='lat' dir='ltr'>regno</span> <span class='ocrx_word' id='word_1_153' title='bbox 708 2130 806 2192; x_wconf 88' lang='lat' dir='ltr'>Israel</span> <span class='ocrx_word' id='word_1_154' title='bbox 836 2136 947 2192; x_wconf 89' lang='lat' dir='ltr'>contra</span> <span class='ocrx_word' id='word_1_155' title='bbox 975 2130 1173 2192; x_wconf 87' lang='lat' dir='ltr'>mandatum</span> <span class='ocrx_word' id='word_1_156' title='bbox 1281 2123 1282 2166; x_wconf 75' lang='lat'>3</span> 
     </span>
     <span class='ocr_line' id='line_1_22' title="bbox 8 2217 1282 2293; baseline 0.002 -14"><span class='ocrx_word' id='word_1_157' title='bbox 8 2277 24 2291; x_wconf 65' lang='lat'><strong>„</strong></span> <span class='ocrx_word' id='word_1_158' title='bbox 228 2217 282 2280; x_wconf 90' lang='lat' dir='ltr'>dei</span> <span class='ocrx_word' id='word_1_159' title='bbox 308 2217 523 2293; x_wconf 67' lang='lat' dir='ltr'>monstrabat,</span> <span class='ocrx_word' id='word_1_160' title='bbox 554 2223 587 2280; x_wconf 91' lang='lat' dir='ltr'>et</span> <span class='ocrx_word' id='word_1_161' title='bbox 615 2219 684 2280; x_wconf 90' lang='lat' dir='ltr'>sine</span> <span class='ocrx_word' id='word_1_162' title='bbox 712 2217 896 2280; x_wconf 88' lang='lat' dir='ltr'>discrimine</span> <span class='ocrx_word' id='word_1_163' title='bbox 924 2218 1098 2283; x_wconf 89' lang='lat' dir='ltr'>vilissimos</span> <span class='ocrx_word' id='word_1_164' title='bbox 1129 2238 1174 2281; x_wconf 89' lang='lat' dir='ltr'>ex</span> <span class='ocrx_word' id='word_1_165' title='bbox 1280 2231 1282 2248; x_wconf 69' lang='lat'><strong><em>²</em></strong></span> 
     </span>
     <span class='ocr_line' id='line_1_23' title="bbox 8 2305 1282 2388; baseline 0.002 -20"><span class='ocrx_word' id='word_1_166' title='bbox 8 2328 22 2386; x_wconf 58' lang='lat' dir='ltr'><em>J</em></span> <span class='ocrx_word' id='word_1_167' title='bbox 131 2349 136 2356; x_wconf 57' lang='lat'>=</span> <span class='ocrx_word' id='word_1_168' title='bbox 228 2307 323 2388; x_wconf 92' lang='lat' dir='ltr'>plebe</span> <span class='ocrx_word' id='word_1_169' title='bbox 350 2305 392 2368; x_wconf 88' lang='lat' dir='ltr'>ad</span> <span class='ocrx_word' id='word_1_170' title='bbox 420 2305 634 2369; x_wconf 87' lang='lat' dir='ltr'>sacerdotium</span> <span class='ocrx_word' id='word_1_171' title='bbox 663 2306 867 2384; x_wconf 84' lang='lat' dir='ltr'>admittebat,</span> <span class='ocrx_word' id='word_1_172' title='bbox 903 2307 1002 2370; x_wconf 88' lang='lat' dir='ltr'>etiam</span> <span class='ocrx_word' id='word_1_173' title='bbox 1031 2307 1173 2388; x_wconf 86' lang='lat' dir='ltr'>pecunia</span> <span class='ocrx_word' id='word_1_174' title='bbox 1274 2305 1282 2364; x_wconf 83' lang='grc'>.“</span> 
     </span>
     <span class='ocr_line' id='line_1_24' title="bbox 227 2381 1281 2473; baseline 0 -15"><span class='ocrx_word' id='word_1_175' title='bbox 227 2395 370 2459; x_wconf 84' lang='lat' dir='ltr'>vendens</span> <span class='ocrx_word' id='word_1_176' title='bbox 403 2395 548 2458; x_wconf 90' lang='lat' dir='ltr'>officium</span> <span class='ocrx_word' id='word_1_177' title='bbox 582 2393 738 2460; x_wconf 76' lang='lat' dir='ltr'>divinitis</span> <span class='ocrx_word' id='word_1_178' title='bbox 767 2401 870 2459; x_wconf 86' lang='lat' dir='ltr'>certae</span> <span class='ocrx_word' id='word_1_179' title='bbox 899 2396 1071 2473; x_wconf 81' lang='lat' dir='ltr'>familiae,</span> <span class='ocrx_word' id='word_1_180' title='bbox 1094 2395 1171 2460; x_wconf 86' lang='lat' dir='ltr'>assi-</span> <span class='ocrx_word' id='word_1_181' title='bbox 1275 2381 1281 2414; x_wconf 67' lang='lat'>⁴¹</span> 
     </span>
    </p>
   </div>
   <div class='ocr_carea' id='block_1_12' title="bbox 227 2484 1175 3277">
    <p class='ocr_par' dir='ltr' id='par_1_12' title="bbox 227 2484 1173 2637">
     <span class='ocr_line' id='line_1_25' title="bbox 228 2484 1173 2567; baseline 0.001 -20"><span class='ocrx_word' id='word_1_182' title='bbox 228 2491 375 2564; x_wconf 85' lang='lat' dir='ltr'>gnatum,</span> <span class='ocrx_word' id='word_1_183' title='bbox 400 2485 485 2548; x_wconf 84' lang='lat' dir='ltr'>sieut</span> <span class='ocrx_word' id='word_1_184' title='bbox 506 2484 675 2565; x_wconf 86' lang='lat' dir='ltr'>pontifices</span> <span class='ocrx_word' id='word_1_185' title='bbox 697 2484 794 2547; x_wconf 91' lang='lat' dir='ltr'>hodie</span> <span class='ocrx_word' id='word_1_186' title='bbox 817 2484 1021 2567; x_wconf 89' lang='lat' dir='ltr'>episcopatus</span> <span class='ocrx_word' id='word_1_187' title='bbox 1043 2491 1077 2549; x_wconf 86' lang='lat' dir='ltr'>et</span> <span class='ocrx_word' id='word_1_188' title='bbox 1106 2487 1173 2548; x_wconf 85' lang='lat' dir='ltr'>alia</span> 
     </span>
     <span class='ocr_line' id='line_1_26' title="bbox 227 2573 776 2637; baseline -0.002 -2"><span class='ocrx_word' id='word_1_189' title='bbox 227 2573 443 2637; x_wconf 88' lang='lat' dir='ltr'>ecelesiastica</span> <span class='ocrx_word' id='word_1_190' title='bbox 463 2593 599 2636; x_wconf 89' lang='lat' dir='ltr'>munera</span> <span class='ocrx_word' id='word_1_191' title='bbox 620 2573 776 2637; x_wconf 86' lang='lat' dir='ltr'>vendunt.</span> 
     </span>
    </p>

    <p class='ocr_par' dir='ltr' id='par_1_13' title="bbox 227 2655 1175 3277">
     <span class='ocr_line' id='line_1_27' title="bbox 321 2655 1175 2738; baseline 0.006 -16"><span class='ocrx_word' id='word_1_192' title='bbox 321 2655 434 2726; x_wconf 82' lang='lat' dir='ltr'>⁸Hanc</span> <span class='ocrx_word' id='word_1_193' title='bbox 457 2662 562 2724; x_wconf 88' lang='lat' dir='ltr'>cultus</span> <span class='ocrx_word' id='word_1_194' title='bbox 584 2662 799 2725; x_wconf 85' lang='lat' dir='ltr'>mutationem</span> <span class='ocrx_word' id='word_1_195' title='bbox 821 2683 888 2726; x_wconf 91' lang='lat' dir='ltr'>non</span> <span class='ocrx_word' id='word_1_196' title='bbox 916 2664 1021 2738; x_wconf 86' lang='lat' dir='ltr'>solum</span> <span class='ocrx_word' id='word_1_197' title='bbox 1049 2663 1175 2728; x_wconf 87' lang='lat' dir='ltr'>imitati</span> 
     </span>
     <span class='ocr_line' id='line_1_28' title="bbox 229 2749 1175 2830; baseline 0.005 -18"><span class='ocrx_word' id='word_1_198' title='bbox 229 2755 306 2812; x_wconf 86' lang='lat' dir='ltr'>sunt</span> <span class='ocrx_word' id='word_1_199' title='bbox 320 2750 436 2830; x_wconf 86' lang='lat' dir='ltr'>reliqui</span> <span class='ocrx_word' id='word_1_200' title='bbox 450 2769 540 2830; x_wconf 85' lang='lat' dir='ltr'>reges</span> <span class='ocrx_word' id='word_1_201' title='bbox 555 2751 662 2827; x_wconf 85' lang='lat' dir='ltr'>Israel,</span> <span class='ocrx_word' id='word_1_202' title='bbox 688 2749 744 2814; x_wconf 92' lang='lat' dir='ltr'>sed</span> <span class='ocrx_word' id='word_1_203' title='bbox 760 2751 854 2814; x_wconf 86' lang='lat' dir='ltr'>Ahab</span> <span class='ocrx_word' id='word_1_204' title='bbox 870 2751 989 2816; x_wconf 88' lang='lat' dir='ltr'>adiecit</span> <span class='ocrx_word' id='word_1_205' title='bbox 1002 2753 1175 2816; x_wconf 87' lang='lat' dir='ltr'>ethnicum</span> 
     </span>
     <span class='ocr_line' id='line_1_29' title="bbox 227 2838 1175 2918; baseline 0.002 -17"><span class='ocrx_word' id='word_1_206' title='bbox 227 2839 352 2902; x_wconf 87' lang='lat' dir='ltr'>cultum</span> <span class='ocrx_word' id='word_1_207' title='bbox 365 2838 449 2902; x_wconf 90' lang='lat' dir='ltr'>Idoli</span> <span class='ocrx_word' id='word_1_208' title='bbox 462 2839 541 2901; x_wconf 88' lang='lat' dir='ltr'>Baal</span> <span class='ocrx_word' id='word_1_209' title='bbox 562 2839 598 2901; x_wconf 89' lang='lat' dir='ltr'>in</span> <span class='ocrx_word' id='word_1_210' title='bbox 619 2845 766 2902; x_wconf 90' lang='lat' dir='ltr'>montem</span> <span class='ocrx_word' id='word_1_211' title='bbox 780 2839 952 2918; x_wconf 82' lang='lat' dir='ltr'>Samariae,</span> <span class='ocrx_word' id='word_1_212' title='bbox 975 2841 1058 2903; x_wconf 91' lang='lat' dir='ltr'>nihil</span> <span class='ocrx_word' id='word_1_213' title='bbox 1082 2840 1175 2904; x_wconf 91' lang='lat' dir='ltr'>enim</span> 
     </span>
     <span class='ocr_line' id='line_1_30' title="bbox 229 2922 1174 3010; baseline 0.003 -20"><span class='ocrx_word' id='word_1_214' title='bbox 229 2927 367 2991; x_wconf 90' lang='lat' dir='ltr'>dubium</span> <span class='ocrx_word' id='word_1_215' title='bbox 390 2935 453 3005; x_wconf 87' lang='lat' dir='ltr'>est,</span> <span class='ocrx_word' id='word_1_216' title='bbox 481 2927 561 3008; x_wconf 88' lang='lat' dir='ltr'>quin</span> <span class='ocrx_word' id='word_1_217' title='bbox 583 2928 662 2990; x_wconf 84' lang='lat' dir='ltr'>Baal</span> <span class='ocrx_word' id='word_1_218' title='bbox 683 2922 798 2991; x_wconf 75' lang='lat' dir='ltr'>Belus4</span> <span class='ocrx_word' id='word_1_219' title='bbox 824 2930 869 2992; x_wconf 88' lang='lat' dir='ltr'>eit</span> <span class='ocrx_word' id='word_1_220' title='bbox 890 2949 910 2991; x_wconf 88' lang='lat' dir='ltr'>a</span> <span class='ocrx_word' id='word_1_221' title='bbox 932 2930 1083 3010; x_wconf 83' lang='lat' dir='ltr'>gentibue</span> <span class='ocrx_word' id='word_1_222' title='bbox 1107 2931 1174 2993; x_wconf 77' lang='lat' dir='ltr'>cul</span> 
     </span>
     <span class='ocr_line' id='line_1_31' title="bbox 229 3017 1174 3097; baseline 0.004 -18"><span class='ocrx_word' id='word_1_223' title='bbox 229 3024 296 3093; x_wconf 88' lang='lat' dir='ltr'>tus,</span> <span class='ocrx_word' id='word_1_224' title='bbox 344 3017 427 3080; x_wconf 87' lang='lat' dir='ltr'>siout</span> <span class='ocrx_word' id='word_1_225' title='bbox 464 3018 563 3080; x_wconf 86' lang='lat' dir='ltr'>etiam</span> <span class='ocrx_word' id='word_1_226' title='bbox 600 3017 772 3097; x_wconf 87' lang='lat' dir='ltr'>gentilium</span> <span class='ocrx_word' id='word_1_227' title='bbox 809 3017 960 3082; x_wconf 82' lang='lat' dir='ltr'>historiae</span> <span class='ocrx_word' id='word_1_228' title='bbox 998 3024 1174 3084; x_wconf 84' lang='lat' dir='ltr'>testantur.</span> 
     </span>
     <span class='ocr_line' id='line_1_32' title="bbox 229 3105 1175 3186; baseline 0.006 -19"><span class='ocrx_word' id='word_1_229' title='bbox 229 3105 326 3167; x_wconf 88' lang='lat' dir='ltr'>Recte</span> <span class='ocrx_word' id='word_1_230' title='bbox 348 3105 446 3186; x_wconf 82' lang='lat' dir='ltr'>igitur</span> <span class='ocrx_word' id='word_1_231' title='bbox 467 3105 619 3169; x_wconf 85' lang='lat' dir='ltr'>discessio</span> <span class='ocrx_word' id='word_1_232' title='bbox 641 3107 722 3169; x_wconf 88' lang='lat' dir='ltr'>haec</span> <span class='ocrx_word' id='word_1_233' title='bbox 744 3127 765 3168; x_wconf 90' lang='lat' dir='ltr'>a</span> <span class='ocrx_word' id='word_1_234' title='bbox 787 3107 848 3170; x_wconf 90' lang='lat' dir='ltr'>deo</span> <span class='ocrx_word' id='word_1_235' title='bbox 870 3113 903 3170; x_wconf 91' lang='lat' dir='ltr'>et</span> <span class='ocrx_word' id='word_1_236' title='bbox 924 3107 1076 3172; x_wconf 87' lang='lat' dir='ltr'>idolatria</span> <span class='ocrx_word' id='word_1_237' title='bbox 1090 3109 1175 3173; x_wconf 90' lang='lat' dir='ltr'>iudi·</span> 
     </span>
     <span class='ocr_line' id='line_1_33' title="bbox 229 3194 1174 3277; baseline 0.007 -20"><span class='ocrx_word' id='word_1_238' title='bbox 229 3199 329 3257; x_wconf 87' lang='lat' dir='ltr'>catur.</span> <span class='ocrx_word' id='word_1_239' title='bbox 375 3195 409 3256; x_wconf 81' lang='lat' dir='ltr'>Si</span> <span class='ocrx_word' id='word_1_240' title='bbox 432 3194 565 3274; x_wconf 88' lang='lat' dir='ltr'>quidem</span> <span class='ocrx_word' id='word_1_241' title='bbox 587 3195 779 3277; x_wconf 85' lang='lat' dir='ltr'>pugnabant</span> <span class='ocrx_word' id='word_1_242' title='bbox 799 3195 836 3258; x_wconf 89' lang='lat' dir='ltr'>hi</span> <span class='ocrx_word' id='word_1_243' title='bbox 858 3196 952 3260; x_wconf 89' lang='lat' dir='ltr'>cultis</span> <span class='ocrx_word' id='word_1_244' title='bbox 975 3216 1051 3260; x_wconf 91' lang='lat' dir='ltr'>cum</span> <span class='ocrx_word' id='word_1_245' title='bbox 1081 3218 1174 3264; x_wconf 87' lang='lat' dir='ltr'>man·</span> 
     </span>
    </p>
   </div>
   <div class='ocr_carea' id='block_1_13' title="bbox 60 3437 1147 3602">
    <p class='ocr_par' dir='ltr' id='par_1_14' title="bbox 60 3434 1147 3602">
     <span class='ocr_line' id='line_1_34' title="bbox 73 3437 1147 3507; baseline -0.014 5.848"><span class='ocrx_word' id='word_1_246' title='bbox 73 3445 94 3488; x_wconf 65' lang='lat'>*·</span> <span class='ocrx_word' id='word_1_247' title='bbox 318 3437 345 3506; x_wconf 85' lang='lat'>1)</span> <span class='ocrx_word' id='word_1_248' title='bbox 364 3437 434 3492; x_wconf 88' lang='lat' dir='ltr'>Veri</span> <span class='ocrx_word' id='word_1_249' title='bbox 459 3439 506 3493; x_wconf 91' lang='lat' dir='ltr'>dei</span> <span class='ocrx_word' id='word_1_250' title='bbox 531 3439 651 3494; x_wconf 79' lang='lat' dir='ltr'>cultus*</span> <span class='ocrx_word' id='word_1_251' title='bbox 687 3440 871 3498; x_wconf 68' lang='lat' dir='ltr'>audouera</span> <span class='ocrx_word' id='word_1_252' title='bbox 895 3439 927 3495; x_wconf 90' lang='lat' dir='ltr'>in</span> <span class='ocrx_word' id='word_1_253' title='bbox 954 3456 1042 3507; x_wconf 82' lang='lat' dir='ltr'>regno</span> <span class='ocrx_word' id='word_1_254' title='bbox 1070 3442 1147 3498; x_wconf 77' lang='lat' dir='ltr'>Istae</span> 
     </span>
     <span class='ocr_line' id='line_1_35' title="bbox 60 3505 793 3602; baseline -0.004 -36"><span class='ocrx_word' id='word_1_255' title='bbox 60 3513 130 3602; x_wconf 53' lang='lat'>{⁵7</span> <span class='ocrx_word' id='word_1_256' title='bbox 227 3509 256 3576; x_wconf 90' lang='grc'>3)</span> <span class='ocrx_word' id='word_1_257' title='bbox 276 3505 378 3564; x_wconf 78' lang='lat' dir='ltr'>Cultus</span> <span class='ocrx_word' id='word_1_258' title='bbox 396 3509 475 3578; x_wconf 86' lang='lat' dir='ltr'>Baal.</span> <span class='ocrx_word' id='word_1_259' title='bbox 511 3508 540 3578; x_wconf 88' lang='lat'>4)</span> <span class='ocrx_word' id='word_1_260' title='bbox 561 3509 663 3565; x_wconf 77' lang='lat' dir='ltr'>Cultus</span> <span class='ocrx_word' id='word_1_261' title='bbox 682 3511 793 3564; x_wconf 70' lang='lat' dir='ltr'>Baal.*⁴</span> 
     </span>
    </p>
   </div>
   <div class='ocr_carea' id='block_1_14' title="bbox 317 3636 1134 3737">
    <p class='ocr_par' dir='ltr' id='par_1_15' title="bbox 317 3636 1134 3737">
     <span class='ocr_line' id='line_1_36' title="bbox 317 3636 1134 3737; baseline 0.01 -16"><span class='ocrx_word' id='word_1_262' title='bbox 317 3666 344 3735; x_wconf 71' lang='lat'>⁸)</span> <span class='ocrx_word' id='word_1_263' title='bbox 363 3669 452 3722; x_wconf 70' lang='lat' dir='ltr'>noea</span> <span class='ocrx_word' id='word_1_264' title='bbox 474 3669 507 3722; x_wconf 80' lang='lat' dir='ltr'>rn</span> <span class='ocrx_word' id='word_1_265' title='bbox 529 3671 591 3725; x_wconf 75' lang='lat'><strong>0011.</strong></span> <span class='ocrx_word' id='word_1_266' title='bbox 618 3671 678 3724; x_wconf 80' lang='lat' dir='ltr'>ren.</span> <span class='ocrx_word' id='word_1_267' title='bbox 716 3669 757 3737; x_wconf 70' lang='lat'>⁸⁸)</span> <span class='ocrx_word' id='word_1_268' title='bbox 777 3636 866 3726; x_wconf 70' lang='lat' dir='ltr'>Deest</span> <span class='ocrx_word' id='word_1_269' title='bbox 890 3671 922 3725; x_wconf 80' lang='lat' dir='ltr'>rn</span> <span class='ocrx_word' id='word_1_270' title='bbox 946 3671 1008 3726; x_wconf 77' lang='lat'>0011.</span> <span class='ocrx_word' id='word_1_271' title='bbox 1028 3671 1134 3728; x_wconf 76' lang='lat' dir='ltr'>vante</span> 
     </span>
    </p>
   </div>
   <div class='ocr_carea' id='block_1_15' title="bbox 59 3737 549 3808">
    <p class='ocr_par' dir='ltr' id='par_1_16' title="bbox 59 3737 549 3808">
     <span class='ocr_line' id='line_1_37' title="bbox 59 3737 549 3808; baseline 0.01 -18"><span class='ocrx_word' id='word_1_272' title='bbox 59 3750 112 3808; x_wconf 65' lang='lat' dir='ltr'><em>g</em></span> <span class='ocrx_word' id='word_1_273' title='bbox 228 3737 362 3805; x_wconf 83' lang='lat' dir='ltr'>bergensi</span> <span class='ocrx_word' id='word_1_274' title='bbox 379 3743 409 3792; x_wconf 90' lang='lat' dir='ltr'>et</span> <span class='ocrx_word' id='word_1_275' title='bbox 426 3740 549 3795; x_wconf 82' lang='lat' dir='ltr'>Ienensi</span> 
     </span>
    </p>
   </div>
   <div class='ocr_carea' id='block_1_16' title="bbox 0 0 1294 4225">
    <p class='ocr_par' dir='ltr' id='par_1_17' title="bbox 0 0 1294 4225">
     <span class='ocr_line' id='line_1_38' title="bbox 0 0 1294 4225; baseline 0 0"><span class='ocrx_word' id='word_1_276' title='bbox 0 0 1294 4225; x_wconf 95' lang='lat' dir='ltr'> </span> 
     </span>
    </p>
   </div>
  </div>
 </body>
</html>
