2575 4225
438 253 565 317 Hoseae
587 256 773 336 prophetae.
1011 256 1074 321 277

133 430 187 494 dei
210 436 361 512 potenter
381 451 440 512 per
462 431 613 534 spiritum
643 436 809 510 sanctum,
841 433 1003 513 siquidem
1030 453 1075 497 re·

18 531 19 534 ’
134 520 273 584 surrexit
295 540 336 582 ex
357 526 504 584 mortuis.

223 608 370 672 &cundo
392 611 533 690 pertinet
554 611 617 673 hoc
639 611 740 675 etiam
762 631 816 687 eo,
844 617 882 675 ut
904 610 1076 674 doceamur

18 722 19 730 ¹
134 698 174 760 de
202 698 287 762 veris
321 688 460 761 cultibus
495 698 557 761 dei.
602 699 695 764 Sicut
728 701 815 763 enim
850 700 919 763 sine
950 699 1076 765 Christo

134 787 233 849 deum
255 806 352 850 nemo
375 788 548 867 cognoscit,
572 788 619 852 ita
636 790 735 853 etiam
751 790 820 853 sins
836 789 963 853 Christo
978 788 1076 852 deum

134 896 229 939 nemo
253 875 338 939 colit.
385 876 419 939 Si
441 876 579 940 'luteam
600 878 724 956 audias,
749 879 777 941 si
792 877 958 945 Iudaeum.
983 878 1077 941 audis

18 985 19 988 ¹
135 965 186 1027 dei
208 984 344 1041 nomen,
374 965 432 1045 qui
454 966 602 1029 condidit
622 966 748 1030 coelum
771 972 804 1031 et
825 972 957 1043 terram,
988 967 1077 1030 huuc

18 1086 19 1138 3
135 1055 295 1130 invocant,
319 1054 407 1117 hunc
430 1054 627 1136 praedicant,
651 1057 739 1119 hunc
762 1056 862 1119 colere
879 1076 913 1119 se
928 1055 1075 1137 profiten-

18 1209 19 1216 ,
135 1149 201 1220 tur,
234 1142 291 1205 sed
314 1149 392 1207 sunt
412 1149 523 1224 turpes
550 1150 583 1207 et
612 1145 757 1209 scelerati
785 1144 953 1221 idolatrae,
983 1164 1076 1224 quae-

18 1231 19 1288 }
133 1238 211 1295 runt
233 1232 321 1294 enim
343 1232 451 1309 deum,
475 1239 509 1295 et
529 1252 637 1313 regern
652 1233 810 1297 Davidem
825 1254 891 1297 non
907 1239 1076 1315 quaerunt.

18 1333 19 1386 ξ
139 1317 244 1384 ¹Deus
267 1326 386 1397 autem,
410 1321 494 1384 sicut
515 1324 674 1404 propheta
696 1323 750 1385 hio
771 1328 917 1399 testatur,
942 1322 988 1385 sic
1007 1324 1078 1386 vult

18 1447 19 1464 ι
135 1410 256 1491 quaeri,
280 1415 318 1473 ut
339 1410 438 1472 simul
460 1430 595 1490 quaeras
610 1412 769 1477 Davidem
791 1432 908 1493 regem,
932 1412 994 1475 hoc
1018 1418 1076 1488 est,

134 1500 229 1562 utin
253 1498 380 1562 Christo
402 1498 500 1562 deum
522 1517 658 1580 quaeras
682 1507 715 1565 et
737 1502 831 1565 colas.
878 1501 967 1564 Sicut
990 1500 1076 1563 Chri·

135 1595 203 1653 stns
234 1587 315 1651 dicit
344 1588 459 1651 Matth.
494 1582 564 1652 11.²
613 1590 717 1654 Nemo
751 1591 842 1654 novit
874 1590 979 1653 filium
1013 1590 1077 1652 nisi
1188 1609 1191 1617 ·

134 1684 242 1758 pater,
272 1682 307 1740 et
334 1683 461 1758 patrem
489 1678 580 1742 novit
607 1699 704 1741 nemo
733 1680 797 1742 nisi
825 1679 927 1755 filins,
963 1683 996 1740 et
1025 1679 1078 1740 cui

135 1766 220 1829 filius
250 1766 446 1831 revelaverit.
493 1767 579 1841 Quid
608 1773 717 1849 potest
744 1768 810 1830 dici
842 1768 971 1843 clarius,
1007 1768 1078 1829 sine

136 1856 263 1919 Christo
286 1854 367 1919 deus
389 1876 455 1919 non
478 1861 537 1933 est,
560 1855 642 1921 deus
658 1858 727 1919 sine
743 1856 869 1920 Christo
885 1876 951 1919 non
967 1855 1078 1935 quaeri

136 1944 242 2020 debet,
266 1964 333 2007 non
355 1944 501 2007 invenire
522 1966 583 2008 nec
606 1946 668 2008 coli
690 1952 805 2028 potest.

226 2034 423 2098 Gravissima
445 2034 542 2114 igitur
557 2035 637 2097 haec
652 2035 828 2118 prophetae
845 2033 1004 2097 sententia
1020 2038 1078 2108 est,

137 2125 181 2188 sic
204 2124 432 2204 coniungentis
459 2125 495 2186 in
525 2125 614 2188 cultu
645 2125 743 2188 deum
768 2125 905 2202 ,Iehova‘
936 2130 970 2186 et
992 2123 1078 2186 Chri-

137 2219 239 2290 stum,
268 2219 307 2276 nt
328 2213 514 2277 invocantes
537 2213 635 2276 deum
657 2233 716 2295 per
739 2213 902 2277 Christum
924 2233 1000 2275 eum
1031 2213 1077 2273 in·

138 2321 305 2379 vocemus,
335 2307 374 2364 nt
396 2308 562 2384 sperantes
584 2304 620 2364 in
642 2303 895 2366 misericordiam
925 2301 993 2382 dei,
1021 2321 1079 2382 per

139 2391 304 2454 Christum
326 2409 491 2472 speremus
521 2391 619 2454 deum
647 2393 741 2455 nobis
771 2391 967 2473 propicium,
997 2390 1080 2452 sicut

139 2499 260 2544 novum
297 2485 529 2543 testamentum
566 2480 689 2559 ubique
727 2481 891 2543 Christum
929 2478 1080 2560 proponit

139 2577 297 2650 tanquam
318 2570 453 2632 unicum
475 2568 697 2646 mediatorem,
722 2589 779 2652 per
802 2587 901 2649 quem
923 2567 966 2630 ad
980 2567 1079 2630 deum

138 2659 232 2721 nobis
255 2663 305 2720 est
327 2658 445 2721 aditam.
966 2680 969 2685 ·

140 2833 247 2952 Qvod
278 2836 398 2900 additz·
430 2837 473 2900 Et
498 2837 728 2901 reverebuntur
757 2835 926 2899 dominum
961 2841 993 2898 et
1026 2836 1078 2898 bo·

197 2927 334 2988 nitatem
357 2925 426 2988 eius
448 2926 484 2987 in
510 2925 696 2989 novissimis
727 2923 858 3000 diebus,
888 2924 923 2987 id
952 2925 1079 3004 proprie

139 3015 279 3093 pertinet
306 3014 348 3077 ad
378 3015 501 3077 cultum
527 3015 589 3077 dei.
640 3007 769 3076 ⁸Utitur
791 3019 901 3075 autem
923 3012 1081 3093 propheta

140 3103 190 3165 hic
213 3104 312 3167 verbo
336 3103 465 3180 ,Pahad‘
490 3103 578 3182 quod
605 3100 753 3165 medium
781 3107 844 3177 est,
870 3107 904 3164 et
932 3121 1079 3164 nonnun-

141 3211 237 3271 quam
260 3193 296 3255 in
319 3193 453 3268 malam,
483 3210 721 3272 nonnunquam
742 3190 779 3252 in
807 3190 929 3254 bonam
954 3197 1080 3272 partem

142 3281 304 3363 accipitur.
350 3281 434 3343 Nam
453 3281 559 3344 Moses
582 3300 658 3342 cum
680 3280 823 3342 minatur
844 3279 1080 3360 transgressori·

164 3389 200 3433 us
222 3369 303 3450 legis
321 3370 401 3432 Dan.
421 3364 493 3432 28.4
520 3369 600 3432 dicit
622 3369 779 3445 futurum,
803 3375 840 3431 ut
858 3372 997 3451 paveant
1011 3367 1081 3429 dies

156 3479 178 3519 c
199 3466 319 3522 noctes.
367 3459 493 3535 Contra,
519 3478 593 3521 oum
614 3458 694 3521 dicit
709 3459 808 3521 (lene.
827 3451 898 3518 31ss
917 3457 957 3519 de
973 3456 1080 3532 Iacob,

231 3667 259 3735 1)
278 3668 372 3722 Verus
391 3668 438 3722 dei
464 3668 558 3722 cultus
578 3655 728 3721 Christum
751 3667 893 3734 amplecti.
931 3666 958 3735 1)
977 3666 1081 3721 Matth.

169 3737 184 3787 Ι..
219 3738 249 3807 3)
272 3738 385 3793 Timere
407 3740 493 3793 deum
517 3739 605 3807 quid?
641 3737 670 3808 4)
690 3738 774 3792 Dent·
798 3737 841 3791 28.
878 3737 905 3807 5)
924 3738 1011 3792 Gene.
1037 3737 1082 3792 31.
