2575 4225
451 260 550 322 Oseae
573 264 757 344 prophetae.
1010 268 1073 332 127

419 436 462 500 Et
485 437 593 501 dicent
614 439 789 503 montibus.

183 563 243 605 vrrc
258 547 386 604 textum
401 543 517 622 allegat
532 544 683 608 dominus
704 547 739 608 in
760 549 925 628 evangelio
936 548 1068 628 Lucae,¹

198 631 257 693 ubi
280 631 417 693 extremi
439 631 551 695 iudicii
571 634 770 698 mentionem
793 636 879 700 fauit.
926 639 985 702 Est
999 659 1075 721 ergo

133 719 283 798 generale
306 718 439 796 dietum,
464 721 558 801 quasi
580 722 716 786 diceret:
750 723 793 790 dt
819 723 885 791 aar
914 725 958 793 ein
983 725 1074 795 iamet

131 806 273 889 htmmeu)
295 807 349 872 but
370 808 409 873 δικ
429 807 474 874 nit
488 809 570 892 metit
584 824 629 877 mo
645 810 691 891 θῇ.
736 813 845 877 Potest
859 815 958 878 etiam
974 819 1073 898 appli-

133 897 198 958 cari
233 896 275 958 ad
311 897 489 976 quamlibet
523 899 666 962 futuram
701 901 926 966 cadamitatem.
977 906 1075 969 Oseas

133 1004 206 1046 eam
237 991 329 1066 aptat
356 986 398 1047 ad
428 987 647 1067 captivitatem
671 991 891 1070 Assyriacam,
928 993 1073 1057 Christus

133 1073 176 1134 ad
210 1074 430 1153 captivitatem
465 1076 654 1138 Romanam.
712 1078 778 1140 Nos
815 1078 857 1142 ad
891 1089 1072 1145 extremum

2 1184 4 1209 τ
131 1161 301 1238 iudicium,
325 1163 372 1224 ita
393 1169 426 1226 et
447 1164 501 1226 hio
518 1165 721 1246 interpretari
743 1173 858 1248 potest,
882 1174 920 1231 ut
941 1170 1072 1233 interim

132 1250 295 1313 sententia
317 1251 492 1331 prophetae
515 1254 603 1317 salva
624 1262 764 1319 maneat.

430 1411 481 1474 Ex
503 1413 617 1476 diebus
640 1415 775 1478 Gabaat.

173 1536 208 1576 sr
230 1517 318 1579 aliud
341 1521 525 1597 exordium,
555 1540 619 1601 quo
651 1541 704 1583 eos
735 1521 775 1583 ad
803 1522 929 1602 frugem
957 1543 1069 1586 vocare

187 1606 362 1670 contendit.
422 1610 465 1672 Et
498 1615 547 1672 est
580 1610 755 1672 sententia:
791 1608 867 1676 iissut
894 1610 935 1691 fot
960 1610 999 1692 io
1030 1611 1070 1677 nil

129 1694 233 1778 fuam!
259 1703 291 1760 re
310 1693 345 1778 st
365 1695 410 1763 ets
425 1698 480 1762 utre
494 1696 618 1779 ittet)
639 1695 667 1762 tr
689 1695 794 1778 tabent
817 1699 894 1764 tna
909 1698 986 1766 [eben
1001 1700 1070 1784 [aaa

2 1826 5 1857 ;·
128 1782 177 1850 nie
198 1782 255 1850 teta
277 1789 362 1866 quota
384 1786 469 1867 tion!
489 1786 551 1867 teht
573 1801 611 1852 uu
634 1789 688 1852 nab
711 1786 799 1867 tiano
822 1785 867 1853 eia
889 1788 950 1853 mot
973 1794 1067 1870 quota.

12 2034 16 2044 Ι
398 1945 554 2027 Ephraim
577 1946 679 2010 vitula
701 1946 804 2008 docta.

127 2047 376 2167 anninnouvu
412 2072 509 2116 vasca
530 2060 641 2116 tamen
663 2052 788 2115 laborat
810 2069 868 2134 pro
891 2053 992 2129 victu,
1023 2053 1069 2117 ita

181 2149 217 2205 tu
259 2143 415 2223 Ephraim
448 2143 484 2204 in
528 2143 591 2204 hoo
632 2147 689 2204 tuo
731 2142 819 2205 cuitu
860 2142 943 2203 nihil
981 2142 1069 2204 aliud

126 2232 256 2311 quaeris
279 2231 343 2293 nisi
365 2230 562 2312 temporalia.
609 2230 714 2294 Servis
737 2230 810 2307 dee,
836 2251 901 2293 non
924 2230 987 2293 nisi
1010 2252 1069 2312 pro

125 2321 272 2382 terrenis.
319 2319 455 2382 Videtur
477 2319 557 2384 velle
579 2339 692 2399 urgere
715 2321 888 2401 propheta,
917 2319 1004 2399 quod
1028 2321 1070 2382 sit

126 2427 268 2489 magnus
289 2408 379 2470 labor
401 2408 436 2469 in
460 2407 548 2470 cultu
570 2408 688 2488 impi0,
720 2408 776 2469 sed
799 2414 866 2470 tam
889 2408 994 2487 plaeet
1015 2408 1069 2471 hic

126 2498 243 2574 cultus,
268 2502 306 2559 ut
324 2516 454 2560 omnem
468 2496 651 2559 molestiam
666 2496 758 2558 facile
773 2496 914 2559 vincant.
954 2495 1068 2569 Quem·

126 2586 308 2650 admodum
330 2585 431 2649 vitula
453 2605 510 2666 per
532 2605 566 2647 se
589 2605 656 2647 non
676 2585 847 2661 trituraret,
872 2584 928 2647 sed
951 2583 1067 2660 ederet,

6 2739 8 2766 ἱ
126 2675 192 2738 nisi
221 2680 397 2755 cogeretur.
450 2674 520 2754 Ego
553 2679 664 2736 tamur
698 2680 792 2736 tuum
825 2680 894 2736 tam
928 2671 1069 2735 nitidum

126 2771 161 2828 et
191 2765 276 2827 bene
306 2768 453 2826 curatum
481 2762 600 2825 collum
630 2762 849 2843 confringam,
877 2762 913 2824 id
940 2768 1004 2837 est,
1036 2768 1069 2824 te

126 2852 212 2916 dabo
250 2853 287 2913 in
325 2851 528 2927 servitutem,
567 2857 600 2913 te
638 2850 723 2913 dabo
760 2850 964 2932 puniendum
1002 2850 1069 2929 regi

125 2942 343 3021 Assyriorum.

389 3097 478 3162 Siout
499 3104 643 3163 vastatur
666 3098 807 3179 pacifica.

125 3202 228 3321 Qvnn
264 3205 441 3268 admodum
479 3206 533 3268 ifle
574 3205 631 3285 qui
665 3205 700 3266 in
734 3204 830 3267 domo
865 3224 924 3269 sua
960 3226 1068 3269 secure

179 3294 324 3370 habitat,
353 3314 420 3357 non
442 3293 548 3370 timet,
584 3294 694 3356 omnia
716 3294 804 3357 saiva
826 3294 928 3372 videt,
962 3295 1069 3357 subito

166 3383 354 3464 gruentibus
376 3382 523 3445 hostibus
546 3382 752 3459 interficitur,
782 3389 850 3445 tam
877 3384 946 3464 ipse
969 3402 1069 3463 quam

171 3493 209 3535 :or
231 3478 266 3536 et
280 3472 348 3548 filii,
372 3472 419 3535 ita
438 3477 471 3534 et
485 3470 577 3535 vobis
596 3471 770 3551 continget,
794 3471 874 3533 dum
889 3472 926 3534 in
941 3490 1069 3534 summa

171 3562 299 3626 raritate
329 3560 435 3636 eritis,
449 3554 574 3625 'veniet
595 3580 666 3637 rex,
697 3566 729 3623 et
751 3559 864 3639 perdet
885 3580 951 3625 vos.
997 3559 1069 3623 Mos

175 3685 344 3696 u—-na

219 3738 247 3805 1)
264 3736 359 3791 Luuae
377 3734 421 3788 21.
