2575 4225
447 270 573 334 Hoseae
595 271 780 353 prophetae.
1018 272 1083 337 275

139 446 258 511 mundi
282 467 320 510 ac
342 448 446 511 carnis
470 447 620 510 scandala
649 454 827 529 amputent.
875 450 965 513 Haec
992 452 1081 513 enim

142 538 252 599 omnia
281 536 504 618 complectitur
531 537 665 601 verbum
694 538 886 617 quaerendi,
922 540 1083 620 significet

142 627 229 688 enim
253 625 370 688 ardens
385 626 531 689 studium
545 645 638 688 verae
654 627 817 707 religionis
833 634 866 691 et
879 628 1082 691 obedientiae

142 735 216 793 erga
226 714 339 790 deum,
363 714 553 777 coniunctae
570 735 644 777 cum
661 735 788 779 summo
804 717 951 796 neglectu
967 718 1082 779 mundi

141 811 173 866 ct
194 804 293 865 huius
316 803 452 876 miserae
474 804 567 879 vitae,
593 823 692 883 quam
715 804 769 867 hic
791 805 940 869 vivimus.

145 1031 235 1144 ¹Snn
249 1036 304 1097 hic
318 1036 452 1099 observa
467 1034 637 1115 diligenter
653 1035 757 1111 verba,
776 1041 939 1115 quaerent,
964 1037 1081 1117 inquit,

218 1125 389 1187 dominum
412 1124 510 1185 deum
533 1144 639 1200 suum,
665 1131 697 1187 et
719 1143 827 1203 regem
850 1144 944 1187 suum
966 1126 1080 1199 David.

142 1213 228 1287 Quid
251 1213 305 1275 hic
328 1213 404 1276 novi
427 1214 551 1275 oritur?
574 1213 658 1275 Nam
681 1212 815 1276 verbum
831 1214 1005 1293 quaerendi
1020 1215 1082 1277 hoc

142 1302 176 1365 in
198 1303 269 1364 loco
292 1302 419 1383 proprie
443 1302 604 1380 significat
623 1302 769 1366 internos
793 1302 908 1378 cultus,
933 1302 1017 1365 sicut
1038 1309 1082 1365 te-

143 1397 244 1455 statur
267 1391 412 1471 psalmus
436 1384 507 1453 69,2
557 1391 630 1453 Non
654 1391 843 1453 erubescant
865 1397 995 1473 propter
1017 1412 1080 1467 me,

142 1480 198 1559 qui
221 1486 254 1543 te
278 1484 450 1560 expectant
472 1479 619 1555 domine,
649 1499 714 1542 non
745 1479 985 1543 confundantur
1012 1502 1082 1562 pro·

140 1576 211 1652 pter
233 1588 296 1643 me,
322 1568 379 1648 qui
402 1574 434 1629 te
457 1574 617 1647 quaerunt
639 1568 722 1631 deus
737 1568 844 1631 Israel.
891 1570 960 1632 Hos
977 1571 1082 1633 cultus

140 1658 200 1721 deo
223 1657 323 1720 tribui
345 1677 440 1720 nemo
463 1658 574 1737 inique
605 1657 701 1733 feret,
730 1658 814 1721 sicut
843 1659 1000 1739 propheta
1028 1659 1083 1721 hic

139 1748 242 1810 utitur
264 1766 338 1809 vero
361 1745 415 1808 dei
437 1747 568 1813 nomine
593 1746 742 1825 ,Iehova¹.

65 1867 68 1872 ,
183 1892 187 1900 .
229 1833 292 1897 Sed
314 1835 369 1897 hic
392 1834 608 1916 respondeant
622 1833 744 1910 Iudaei,
769 1854 825 1896 cur
840 1834 867 1896 is
884 1835 997 1911 cultus
1023 1838 1081 1915 qui

138 1924 200 1988 deo
227 1924 394 1999 tribuitur,
425 1924 523 1988 etiam
553 1923 707 1986 tribuitur
733 1922 800 2002 regi
822 1922 948 1987 David?
993 1924 1081 1985 Num

137 2014 238 2093 igitur
260 2013 402 2075 colemus
424 2013 532 2093 plures
555 2012 655 2074 deos?
700 2014 767 2073 Aut
788 2011 868 2073 deus
897 2012 989 2075 dabit
1010 2013 1080 2092 'glo-

137 2104 220 2167 riam
243 2122 338 2165 suam
360 2102 476 2166 elteri?
512 2101 585 2165 Non
608 2101 713 2164 solum
737 2101 825 2164 enim
847 2100 942 2165 dicit:
975 2102 1080 2166 Deum

138 2198 304 2272 quaerent,
328 2191 385 2254 sed
400 2191 562 2272 promittit
576 2190 732 2266 futurum,
757 2197 795 2252 ut
809 2191 907 2253 etiam
923 2199 1080 2271 quaerant

138 2301 246 2362 regem
262 2300 359 2345 suum
374 2279 487 2365 David.
524 2279 653 2341 Clarum
669 2279 766 2358 igitur
781 2280 841 2341 hoc
858 2280 1080 2350 testimonium

138 2377 195 2446 est,
221 2369 335 2432 eodem
358 2367 466 2432 studio
490 2374 522 2430 et
544 2369 662 2430 affectu
684 2389 791 2448 regem
807 2368 910 2431 David
928 2389 1081 2448 quaeren-

138 2459 227 2535 dum,
255 2478 318 2538 quo
342 2477 436 2521 verus
458 2457 539 2519 deus
562 2456 735 2536 quaeritur.

226 2547 300 2609 Hoc
324 2552 433 2610 autem
455 2546 484 2608 si
507 2545 684 2608 absurdum
707 2551 739 2608 et
754 2545 893 2626 impium
909 2544 1080 2622 videbitur,

137 2636 232 2717 (deus
256 2635 344 2698 enim
367 2635 446 2698 deus
469 2654 554 2696 unus
577 2633 650 2712 est)
674 2640 766 2713 coget
787 2633 923 2696 Iudaeos
946 2635 1081 2720 necessi-

135 2733 201 2801 tas,
238 2731 276 2788 ut
298 2724 455 2787 definiant
484 2723 582 2784 deum
611 2723 749 2799 ‚Iehova‘
785 2729 818 2785 et
850 2724 938 2786 hunc
972 2721 1080 2804 regem

135 2813 244 2878 David
279 2833 347 2876 esse
380 2809 490 2874 unum'
518 2817 551 2873 et
584 2811 724 2876 eundem
764 2812 875 2888 deum,
919 2812 1081 2892 siquidem

136 2903 253 2966 eodem
277 2902 366 2964 cultu
395 2906 471 2963 sunt
498 2900 632 2963 colendi.
681 2899 742 2964 Sed
772 2901 826 2964 hic
854 2901 1079 2981 respondeant,

136 2992 212 3072 quis
235 2991 290 3052 ille
313 3010 371 3052 rex
392 2988 496 3051 David
520 2989 585 3051 sit?
621 2990 706 3050 Nam
729 2989 815 3050 filius
837 2988 902 3050 Isei
925 3010 990 3050 uon
1020 2995 1078 3064 est,

135 3081 195 3163 qui
219 3100 295 3142 cum
317 3078 484 3142 Ierobeam
508 3077 727 3139 dominaretur
749 3078 784 3140 in
807 3077 905 3139 Israel
928 3084 1002 3140 ante
1026 3097 1080 3140 an·

134 3189 197 3232 nos
219 3169 295 3249 plus
308 3167 427 3248 ‘minus
450 3167 605 3228 ducentos
628 3172 774 3230 mortuus
802 3165 920 3240 fuerat,
951 3172 984 3228 et
1009 3187 1080 3247 pro-

134 3258 241 3321 mittit
268 3257 358 3320 hunc
380 3255 483 3318 David
514 3254 750 3334 quaerendum,
782 3261 954 3335 postquam
981 3255 1080 3333 longo

133 3356 284 3427 *empore
308 3345 342 3406 in
365 3344 550 3425 captivitate
572 3363 709 3422 regnum
731 3343 830 3406 Israel
856 3344 981 3408 vixerit.
1028 3343 1081 3406 Ad

160 3455 218 3499 aec
241 3433 458 3516 respondeant
476 3431 597 3508 Iudaei,
622 3453 700 3494 nam
723 3432 898 3514 prophetae
922 3433 1082 3494 sententia

159 3524 227 3586 tudi
250 3543 317 3585 non
340 3521 445 3584 debet.

234 3750 261 3818 1)
281 3750 324 3802 De
342 3764 408 3814 rege
427 3748 529 3819 David,
547 3749 602 3803 hoc
620 3754 665 3802 cst
683 3748 719 3802 de
739 3746 862 3802 Christo.
900 3747 928 3817 2)
946 3749 1022 3803 Psal.
1036 3747 1080 3802 69.

865 3837 918 3890 18·
