2575 4225
200 209 268 272 266
544 206 649 286 Caput
672 206 804 269 tertium

201 384 256 447 hic
288 387 420 463 repetat.
484 382 616 462 Quoties
652 382 740 445 enim
774 380 886 445 Esaias
922 380 1141 463 captivitatem

201 472 358 554 praedicit
386 490 483 550 regno
510 470 631 533 Iudae?
678 469 809 545 Quoties
838 470 997 551 promittit
1030 470 1141 533 libera·

200 562 324 624 tionem
345 561 386 621 ab
402 560 569 639 Assyriol,
597 559 728 633 Quoties
751 557 791 620 de
814 578 912 638 regno
928 558 1047 623 Christi
1070 578 1141 623 con·

200 650 368 712 cionatur?
412 650 556 730 Apparet
582 654 692 711 autem
719 648 807 710 hunc
835 648 1028 728 prophetam
1055 667 1141 728 prae

198 738 295 817 cipue
328 737 370 799 ad
405 755 542 816 regnum
567 737 667 799 Israel
699 736 851 812 missum,
895 736 930 799 id
964 756 1055 799 cum.
1073 736 1141 799 sine

199 824 417 889 misericordia
431 825 553 889 videret
574 825 610 887 in
632 831 744 905 gentes
759 825 1040 888 disseminandum
1063 844 1141 900 esse,

200 934 297 996 saepe
318 916 404 977 hanc
432 914 472 982 de
495 911 621 977 Christo
648 914 895 995 promissionem
917 914 1071 991 inculcat,
1101 934 1149 996 ne

201 1005 329 1084 piorum
356 1004 459 1065 animi
486 1002 709 1085 praesentibus
737 1002 831 1066 malis
859 1004 967 1080 fracti,
996 1003 1142 1085 despera·

199 1098 273 1155 rent
294 1110 434 1173 prorsus.

206 1264 296 1379 ¹Srn
319 1269 520 1334 conferemus
542 1269 628 1331 hanc
656 1268 844 1332 concionem
866 1288 942 1331 cum
972 1270 1145 1351 prophetia

281 1360 309 1419 1.
334 1358 461 1439 capitis,
485 1358 531 1421 ita
554 1358 642 1420 enim
666 1357 738 1438 plus
761 1358 842 1419 lucis
864 1358 941 1420 huic
963 1358 1039 1422 loco
1057 1378 1143 1425 acca·

199 1445 267 1508 det.
321 1447 382 1521 ua,
418 1446 503 1509 sicut
537 1445 737 1521 audivimus,
776 1446 840 1508 fuit
866 1447 1037 1527 prophetia
1066 1448 1142 1510 irae.

202 1534 285 1597 uum
307 1534 396 1596 enim
418 1534 569 1597 dominus
591 1534 758 1598 ostendere
780 1534 876 1598 vellet
899 1536 1018 1616 populo
1033 1536 1143 1611 Israel,

202 1642 238 1685 se
267 1623 427 1685 offensum
438 1622 617 1700 idolatriis,
650 1643 716 1686 non
732 1638 833 1704 ¹posse
860 1634 927 1686 non
949 1623 1056 1690 odisse
1079 1644 1143 1700 eos,

201 1711 293 1787 iubet
314 1712 506 1793 prophetam
529 1714 676 1793 cogitare,
702 1731 767 1793 qno
783 1713 891 1778 animo
914 1712 1049 1775 maritus
1072 1732 1144 1793 pos·

200 1800 246 1863 sit
268 1806 325 1863 aut
345 1800 423 1863 velit
445 1820 515 1864 esse
536 1820 611 1883 erga
632 1820 768 1864 uxorem
791 1800 979 1876 adulteram,
1005 1807 1038 1864 et
1060 1799 1144 1865 filios

201 1909 244 1951 ex
271 1889 428 1952 adulterio
456 1896 566 1966 natos,
601 1889 789 1970 significans
819 1909 854 1954 se
883 1889 940 1952 tali
971 1890 1080 1952 animo
1109 1890 1145 1953 in

200 1977 315 2053 decem
350 1978 453 2042 tribus
487 1998 565 2042 esse.
615 1980 724 2059 Atque
760 1998 801 2041 ex
833 1978 895 2041 hac
928 1997 1025 2041 causa
1058 1978 1146 2041 indit

200 2066 311 2129 liberis
333 2067 438 2131 tristia
452 2068 595 2144 nomina,
619 2067 708 2148 quod
723 2067 826 2132 filium
849 2073 942 2131 vocat
957 2066 1143 2132 dissemina·

200 2160 290 2230 tum,
322 2156 495 2232 attidem,
527 2157 618 2220 cuius
648 2156 730 2220 nolit
758 2157 911 2220 misereri.
958 2157 1048 2220 Haec
1077 2157 1144 2220 irae

203 2243 373 2325 prophetia
394 2244 467 2306 fuit.

293 2330 355 2393 Sed
378 2351 460 2411 quae
483 2331 518 2394 in
540 2333 601 2395 hoc
624 2333 729 2414 capite
745 2353 764 2395 a
779 2333 937 2416 propheta
951 2328 1142 2410 instituitur,
1212 2389 1219 2396 .
1282 2425 1283 2432 ἵ

200 2425 253 2483 est
267 2421 496 2484 suavissimum
510 2422 629 2500 gratiae
645 2427 678 2484 et
693 2421 927 2484 misericordiae
944 2421 1142 2506 vaticinium.

201 2508 396 2589 Proponitur
418 2510 506 2572 enim
528 2511 703 2592 prophetae
726 2510 780 2574 hic
803 2511 867 2573 alia
889 2510 1082 2586 similitudo,
1107 2512 1143 2572 in

202 2616 269 2675 qua
301 2617 368 2660 non
398 2597 529 2661 iubetur
562 2598 692 2676 ducere,
729 2599 786 2662 sed
813 2617 921 2662 amare
945 2598 1142 2662 adulteram.

201 2685 325 2745 Ducere
337 2685 426 2746 enim
436 2685 563 2748 facilius
574 2691 632 2762 est,
650 2687 706 2750 sed
718 2705 824 2750 amare
841 2693 889 2750 est
904 2687 1142 2750 difficillimum.

202 2771 336 2851 Cogitur
356 2778 466 2836 autem
488 2776 647 2856 propheta
668 2776 729 2838 hac
757 2774 984 2852 similitudine,
1016 2781 1054 2839 ut
1084 2782 1144 2839 sta·

202 2866 275 2923 tuat
300 2861 510 2925 mitissimum
539 2868 573 2926 et
604 2864 860 2944 placidissimum
894 2865 1041 2928 animum
1075 2885 1145 2928 esse

199 2949 274 3013 »eius
308 2950 430 3028 mariti,
466 2952 524 3032 qui
557 2952 703 3016 oblivisci
735 2958 804 3015 tarn
837 2952 973 3033 insignis
1007 2953 1145 3016 iniuriae

123 3037 128 3046 “
204 3039 326 3119 possit,
339 3045 372 3102 et
393 3058 502 3103 amore
524 3041 694 3122 complecti
716 3045 784 3103 tam
807 3046 935 3124 turpem
953 3039 1143 3104 adulteram.

293 3127 364 3188 Tali
392 3127 513 3206 animo,
543 3129 652 3210 inquit
681 3129 845 3206 dominus,
865 3150 941 3210 ¹ego
969 3149 1042 3193 sum
1071 3150 1145 3210 erga

204 3213 362 3296 populum
383 3215 492 3294 Israel,
516 3237 590 3298 erga
612 3224 742 3299 turpem
765 3217 960 3294 adulteram,
984 3237 1068 3298 quae
1092 3235 1144 3281 mc

203 3301 375 3365 dominum
403 3302 534 3382 deserit,
565 3311 598 3368 et
626 3311 766 3370 sectatur
795 3307 915 3371 alienos
945 3307 1032 3370 deos.
1080 3307 1141 3384 Me.

203 3390 321 3472 inquit,
345 3387 472 3470 deserit,
495 3394 553 3476 qui
568 3394 599 3456 ei
613 3401 749 3478 suppeto
765 3396 883 3472 omnia,
901 3395 999 3458 etiam
1015 3402 1139 3458 aeterna

203 3477 298 3547 bona
345 3477 490 3546 Sectatur
518 3487 627 3547 autem
657 3482 744 3560 illos,
781 3481 941 3564 quirini
975 3479 1131 3570 cantarun

296 3670 322 3739 1)
343 3670 524 3742 Comparatio
541 3674 676 3744 primi-et
694 3674 774 3731 tertii
792 3675 902 3744 capitis.
