2575 4225
239 295 306 358 482
470 295 574 375 Caput
595 297 748 374 quartum
770 291 933 354 decimum

226 471 400 539 cessarium
423 490 507 546 esse,
537 470 565 532 si
587 476 678 550 petas
693 467 929 531 remissionem
950 473 1176 547 peccatorum,

224 561 281 622 sed
302 560 455 621 meritum
471 579 566 621 omne
588 557 800 632 excludimus,
823 554 904 618 illud
920 556 1018 633 enim,
1042 562 1080 620 ut
1095 563 1180 638 post

224 648 360 731 patebit,
385 668 452 718 non
474 652 629 722 nostrum,
655 645 711 707 sed
735 645 853 707 Christi
876 650 933 708 est.

317 731 489 799 lInchoata
510 735 609 816 igitur
623 733 822 816 poenitentia
844 731 902 810 est,
927 752 1002 796 cum
1024 735 1176 813 agnosci—
1275 803 1276 808 γ

222 845 295 887 mus
310 830 450 904 peccata,
474 830 508 887 et
529 824 570 886 de
591 825 632 886 iis
656 823 738 886 serio
761 821 915 884 dolemus.
948 821 1032 884 Tum
1057 828 1173 886 autem
1275 825 1276 886 ζ

222 913 397 977 absolvitur
420 933 494 976 cum
517 914 552 974 in
574 914 626 976 his
641 912 804 975 doloribus
827 911 951 974 accedit
973 910 1093 973 fiducia
1108 913 1174 974 mi·
1274 909 1276 992 i

221 1001 410 1065 sericordiae
438 1007 470 1070 et
493 1003 610 1077 animi,
637 1008 676 1063 ut
697 1000 856 1082 propheta
877 999 930 1062 hic
953 999 1076 1084 docet„
1094 1020 1173 1063 con-
1275 1069 1276 1072 Ἴ

221 1097 390 1154 vertuntur
411 1091 454 1152 ad
476 1090 583 1166 deum,
612 1095 644 1152 et
667 1093 846 1169 exposcunt
868 1088 998 1152 veniam
1020 1093 1173 1168 peccato·

220 1199 308 1255 rum,
341 1178 381 1242 de
404 1179 465 1242 hac
488 1179 551 1241 fide
578 1178 741 1260 pontificis
764 1177 896 1240 Scholae
926 1196 1058 1257 prorsus
1081 1178 1169 1239 nihil

221 1267 354 1344 docent,
386 1287 469 1347 quae
496 1273 594 1348 caput
615 1265 832 1349 poenitentiae
855 1271 919 1341 est,
950 1272 982 1328 et
1005 1266 1171 1330 remissio—

221 1377 297 1418 nem
320 1361 524 1436 peccatorum
546 1357 615 1418 sola
636 1354 762 1436 accipit.

308 1444 399 1506 Haec
435 1464 493 1507 seu
521 1444 602 1506 fides
633 1463 690 1506 seu
720 1442 839 1505 fiducia
868 1443 967 1508 etiam
996 1462 1078 1523 opus
1114 1450 1170 1506 est

220 1532 352 1613 spiritus
376 1533 479 1594 sancti
501 1552 568 1594 non
596 1537 752 1594 nostrum.
799 1532 882 1594 Nam
905 1537 1020 1594 natura
1042 1533 1170 1612 refugit

219 1641 238 1682 a
260 1620 330 1696 deo,
355 1639 430 1682 cum
444 1619 533 1684 videt
555 1621 655 1682 abeo
676 1619 811 1682 immitti
824 1639 954 1700 poenas,
979 1639 1039 1682 nec
1055 1627 1169 1700 potest

217 1729 344 1789 sperare
373 1708 450 1771 inde
473 1709 626 1790 salutem,
655 1707 742 1770 unde
770 1708 852 1770 iram
874 1707 963 1771 videt
989 1709 1163 1789 proficisci.

222 1791 338 1860 ²Hune
366 1803 499 1860 naturae
532 1803 660 1860 nostrae
691 1797 842 1859 affectum
872 1797 1004 1876 spiritus
1030 1804 1167 1862 sanctus

216 1906 274 1966 per
295 1886 430 1949 verbum
453 1887 610 1966 evangelii
632 1906 698 1949 non
713 1885 841 1964 corrigit
864 1885 977 1962 solum,
997 1885 1060 1948 ced
1076 1907 1165 1967 pror·-

217 1994 272 2037 sus
300 1975 398 2051 tollit,
430 1981 463 2037 ct
490 1975 626 2038 instillat
652 1974 769 2036 animis
800 1971 953 2036 fiduciam
984 1975 1163 2038 misericor·

219 2061 301 2125 diae.
348 2063 498 2127 Ostendit
523 2062 612 2127 enim
641 2063 755 2139 deum,
792 2062 852 2126 etsi
879 2067 1049 2144 peccatum
1080 2064 1162 2142 odit,

216 2155 330 2213 tamen
352 2172 419 2214 non
434 2173 472 2214 eo
496 2173 565 2216 esse
585 2153 704 2229 animo,
730 2156 767 2214 ut
789 2158 971 2233 peccatores
986 2152 1060 2215 ideo
1083 2154 1165 2217 velit

216 2238 396 2303 damnatos.
442 2240 526 2303 Nam
552 2241 676 2303 mundo
704 2240 837 2305 donavit
858 2240 963 2302 filium
986 2261 1097 2318 suum,
1128 2249 1164 2306 et

215 2328 310 2391 iussit
324 2349 382 2409 per
405 2349 480 2391 eum
495 2329 622 2393 credere
644 2328 867 2393 remissionem
886 2334 1100 2409 peccatorum,
1127 2338 1164 2406 ct

214 2418 316 2481 vitam
338 2423 511 2481 aeternam.

303 2506 398 2572 Hanc
428 2508 573 2570 coelestis
601 2508 701 2588 patris
724 2507 925 2570 voluntatem
956 2526 1031 2569 cum
1055 2508 1158 2569 animi

213 2594 330 2674 spiritu
352 2602 463 2657 sancto
485 2616 543 2676 per
565 2596 700 2659 verbum
723 2594 825 2657 afflati
847 2594 1027 2671 intuentur,
1053 2597 1088 2657 in
1111 2596 1156 2676 ip-

212 2683 256 2743 sis
279 2681 443 2743 doloribus
466 2684 653 2764 concipiunt
674 2703 775 2763 spem,
803 2689 836 2746 et
850 2689 1006 2763 tanquam
1028 2684 1065 2745 in
1087 2704 1158 2747 um·

211 2768 271 2830 bra
293 2768 405 2832 mortis
427 2768 540 2832 vident
556 2772 662 2833 lucem
685 2770 778 2833 vitae.
826 2772 897 2834 Etsi
919 2772 1158 2855 enimpeocata

210 2862 345 2934 terrent,
380 2863 491 2921 tamen
513 2858 586 2921 ideo
614 2880 681 2921 non
711 2859 897 2940 desperant,
935 2861 1011 2941 quia
1042 2861 1161 2925 vident

210 2946 356 3027 precium
372 2953 575 3027 peccatorum
594 2947 854 3029 incomparabile,
880 2950 1073 3029 sanguinem
1096 2951 1155 3012 filii

206 3034 276 3110 dei,
301 3041 439 3098 mortem
463 3056 608 3117 quoque,
633 3036 694 3099 etsi
717 3036 848 3099 meritos
871 3056 905 3099 se
928 3040 1069 3118 peccatis
1093 3046 1157 3103 sta·

209 3128 316 3199 tuunt,
341 3128 451 3186 tamen
474 3126 682 3206 acquiescunt
703 3124 738 3186 in
761 3124 981 3188 misericordia
1003 3126 1069 3203 dei,
1096 3129 1154 3207 qui

208 3232 275 3290 non
297 3212 367 3275 vult
389 3218 527 3275 mortem
549 3208 759 3295 peccatoris,³
794 3210 943 3278 sed‘vult
964 3219 1002 3277 ut
1025 3236 1153 3280 convor-
1269 3251 1270 3259 κ

206 3305 294 3363 tatur
317 3305 349 3361 et
371 3300 472 3377 vivat,
490 3307 603 3381 ,atque
625 3302 698 3364 ideo
729 3322 795 3363 non
817 3303 961 3383 pepercit
983 3304 1156 3383 unigenito

204 3388 272 3452 filio
297 3382 391 3465 suo,4
425 3389 481 3452 sed
504 3390 595 3453 dedit
624 3409 699 3452 eum
721 3410 823 3469 usque
853 3390 895 3452 ad
917 3394 1054 3454 mortem
1083 3413 1126 3455 cn

205 3479 267 3552 cis,
305 3482 342 3540 ut
370 3477 472 3558 ipsius
500 3480 603 3560 plagis
636 3499 695 3541 nos
725 3498 921 3541 sanaremur.¹
980 3480 1032 3540 Ad
1060 3481 1122 3543 hur

296 3686 322 3746 1)
340 3686 426 3741 Fides
442 3687 566 3742 absolvit
581 3688 797 3755 poenitentiam.
835 3688 863 3757 2)
882 3689 959 3743 Vera
971 3688 1130 3744 iustificati(

203 3757 232 3822 3)
253 3757 355 3809 Ezech.
376 3758 417 3809 18.
454 3757 482 3822 4)
500 3759 581 3812 Rom.
601 3759 625 3812 8.
