2575 4225
492 259 591 323 Oreas
614 262 799 343 prophetae.
1072 262 1114 326 37

173 435 281 517 legem
303 442 337 500 et
358 437 468 503 omnia
490 444 549 501 etc.
578 438 726 501 recedam
755 438 821 501 iam
855 458 875 501 a
907 437 1013 516 vobis,
1049 460 1116 505 non

173 526 338 589 habebitis
361 526 534 608 prophetas
556 546 661 607 usqne
684 525 726 589 ad
748 526 925 605 Christum,
953 547 1058 609 neque
1080 529 1116 593 in

174 614 362 697 captivitate
385 634 490 695 neque
512 623 586 697 post
608 621 668 679 etc.
692 623 724 679 et
746 616 926 697 relinquam
949 636 1015 694 vos,
1044 625 1116 681 tum

174 709 351 786 coeperunt
373 723 504 784 regnare
527 704 655 769 tradita.

494 864 603 928 Donec
626 864 792 929 deficiatis.

267 971 377 1053 Usque
399 992 464 1053 quo
487 972 748 1035 condemnemini
770 972 822 1037 vei
844 970 1049 1048 indicemini,
1080 970 1116 1036 id

174 1067 241 1125 est:
266 1060 369 1125 donec
390 1061 508 1126 delicta
529 1068 635 1127 vestra
657 1067 690 1125 et
711 1068 818 1125 reatus
839 1060 994 1138 sentiatis,
1018 1066 1116 1142 atquc
1189 1097 1199 1115 ι

114 1160 123 1173 ’
172 1150 223 1212 ita
245 1156 378 1231 urgente
400 1149 516 1214 delicto
546 1157 651 1216 vestro
673 1151 834 1230 quaeratis
856 1150 974 1214 faciem
996 1169 1113 1213 meam.

172 1238 248 1300 lam
271 1258 353 1319 quae
382 1246 576 1319 sequuntur,
608 1246 685 1303 sunt
713 1240 753 1302 (16
783 1259 881 1320 regno
904 1237 1036 1315 Christi,
1067 1245 1117 1302 est

172 1328 244 1389 iam
258 1328 412 1392 transitus
433 1329 474 1391 de
497 1330 682 1411 captivitate
704 1328 739 1391 in
762 1348 897 1409 regnum
912 1327 1032 1390 Christi
1054 1332 1113 1391 etc.

498 1536 610 1623 Caput
633 1536 794 1607 Sextum.

467 1667 563 1729 Mane
587 1662 807 1747 consurgent,¹

171 1790 273 1833 manc
296 1773 492 1851 quaerebant
514 1794 576 1850 me,
600 1775 784 1837 manicabat
810 1774 908 1835 unica
934 1778 984 1836 est
1005 1771 1114 1836 dictio.

173 1860 250 1922 Non
279 1861 342 1924 nisi
372 1862 407 1923 in
437 1862 642 1926 tribulatione
671 1864 725 1925 hic
759 1864 898 1944 populus
931 1862 1040 1926 veniet
1074 1861 1116 1923 ad

173 1968 240 2011 me.
286 1950 395 2027 Mane,
425 1952 460 2013 id
483 1958 543 2014 est:
576 1952 640 2013 cito
663 1957 695 2014 et
723 1971 798 2014 aum
826 1952 1028 2026 festinantia,
1058 1949 1116 2030 qui

173 2036 225 2120 111(
248 2038 397 2123 1111111111,
421 2039 470 2107 mit
494 2056 560 2124 pern
583 2039 688 2122 1111111.
711 2074 757 2085 -

499 2201 583 2275 Quia
606 2201 675 2283 ipse
699 2201 792 2283 cepit.
857 2198 862 2206 ’

269 2305 323 2366 sic.
370 2306 454 2380 Quia
476 2307 546 2388 ipse
568 2307 683 2389 diripit
704 2315 737 2371 et
758 2315 851 2371 sanat
865 2314 923 2370 ete.
970 2303 1024 2372 §Da
1039 2304 1118 2388 111111

174 2411 315 2472 regnum
331 2394 449 2458 Christi
464 2412 513 2476 aa,
535 2396 597 2459 hoc
619 2397 673 2458 lex
695 2418 761 2460 non
777 2397 880 2473 docet,
905 2395 961 2458 sed
977 2394 1117 2474 cognitio

176 2501 281 2567 novae
304 2481 476 2546 doctrinae.
521 2485 575 2547 lex
598 2506 664 2548 non
693 2485 787 2549 docet
815 2484 956 2548 converti
985 2482 1026 2546 ad
1048 2502 1116 2564 per·

177 2571 354 2633 cutientem
377 2572 484 2650 deum,
509 2574 565 2637 sed
588 2574 698 2654 fugere
720 2575 840 2638 iratum
863 2573 960 2636 deum
983 2578 1042 2634 etc.

554 2733 748 2796 Vivificabit.
907 2819 911 2827 ι

268 2836 410 2916 loquitur
433 2838 473 2901 de
495 2841 725 2904 resurrectione
755 2839 882 2917 Christi,
915 2841 962 2903 sic
992 2839 1117 2917 sinitur,

177 2923 385 3004 accipiemus.
431 2927 550 2991 Paulus
585 2928 625 2990 de
659 2929 721 2991 hoc
754 2928 824 2991 loco
858 2929 1011 3008 gloriatur
1044 2947 1119 2992 cum

177 3010 260 3076 dicit
283 3013 447 3078 Christum
469 3018 563 3080 tertio
591 3018 643 3080 die
674 3017 737 3079 fuit
763 3024 1006 3080 resurrecturus.
1053 3017 1118 3079 Ma·

176 3101 336 3181 gnifieum
358 3105 456 3170 nimis
480 3114 538 3182 est,
563 3106 636 3169 ideo
661 3126 727 3168 non
749 3111 855 3187 potest
877 3104 918 3167 de
933 3125 1032 3186 regno
1055 3126 1118 3169 car·

176 3189 247 3250 nali
269 3190 352 3253 Iuda
374 3191 519 3274 intelligi.
567 3195 641 3258 Non
665 3195 759 3256 dicit:
791 3201 935 3275 resurget
962 3201 1036 3276 post
1058 3201 1117 3258 etc.

175 3277 236 3340 sed
259 3278 442 3358 vivificabit,
465 3284 527 3361 hoc
550 3284 669 3350 efficiet
691 3283 760 3345 eius
783 3283 969 3347 resurrectio
991 3291 1050 3347 etc.

480 3436 538 3506 ³In
561 3450 735 3526 conspectu
757 3449 816 3506 etc.

267 3542 383 3622 vivere,
409 3546 465 3611 sed
489 3549 595 3613 vivere
617 3570 692 3614 vera
714 3551 790 3615 vita.

268 3733 295 3802 1)
314 3753 340 3791 v.
361 3737 384 3790 1.
421 3737 450 3808 2)
469 3756 497 3794 v,
516 3738 542 3792 2.
578 3738 607 3808 3)
626 3740 734 3810 Incipit
750 3740 798 3794 fol.
819 3740 879 3795 116.
887 3741 920 3795 Β.
939 3738 1034 3795 Meci.
