2575 4225
438 300 564 365 Roseae
586 301 773 385 prophetae.
1013 302 1076 365 421

137 476 336 560 gressonbus
371 477 465 561 legis,
506 478 619 542 Dente.
651 474 722 543 29.ι
778 477 831 542 Ad
867 498 939 543 eam
980 480 1080 561 igitur

138 566 424 631 comminationem
446 568 508 630 hoc
530 567 566 631 in
587 567 658 633 loco
681 567 834 633 dominus
852 568 991 650 respicit,
1015 588 1079 633 me·

137 656 192 719 riti
223 654 301 719 estis
323 656 480 737 pertinaci
502 662 608 720 vestra
629 656 794 735 idolatria,
817 658 940 738 inquit,
969 663 1006 720 ut
1027 677 1080 741 pc·

139 746 228 809 nitus
249 764 307 811 vos
330 744 517 821 excindam,
541 746 625 809 sicut
647 744 775 809 Adama
797 752 830 811 et
852 746 998 823 Zeboim,
1023 744 1081 809 aed
1147 798 1152 809 ,
1269 755 1273 764 ’

138 834 252 899 mitius
273 831 442 899 vobiscum
464 853 569 915 agam.
616 834 669 898 Sic
692 836 780 899 enim
803 836 957 915 sequitur.
995 928 1007 953 .

185 1008 437 1123 Gonversum
471 1018 532 1077 eet
569 1011 704 1077 adme
742 1032 809 1077 cor
842 1030 982 1088 meum,
1030 1010 1082 1074 si·

240 1102 322 1165 mul
353 1099 604 1165 ferbuerunt
633 1100 924 1166 miserationes
962 1120 1081 1177 meae,

186 1189 272 1252 Non
295 1189 438 1254 faciam
462 1188 686 1254 secundum
708 1192 808 1255 iram
823 1190 972 1255 furoris
995 1189 1081 1265 mei,

186 1298 262 1366 non
277 1284 493 1345 convertar
514 1285 557 1343 ut
573 1279 741 1362 perdam
757 1279 965 1363 Ephraim,
990 1297 1082 1361 quo·

186 1368 292 1431 niam
327 1367 424 1432 deus
454 1388 526 1448 ego
562 1374 603 1432 et
633 1389 714 1433 non
745 1369 877 1446 homo,
915 1373 1084 1432 sanctus

188 1455 339 1539 eumin
360 1456 493 1520 medio
515 1458 584 1528 tui.

143 1632 223 1745 Hic
252 1632 391 1715 insignis
416 1633 506 1699 locus
527 1642 592 1713 cet,
622 1635 680 1717 qui
703 1634 825 1718 opponi
853 1635 948 1698 debet
971 1634 1086 1722 cogita·

217 1723 360 1787 tionibus
383 1722 424 1786 de
446 1724 496 1788 ira
509 1723 572 1788 dei.
619 1725 709 1790 Sicut
723 1726 811 1789 enim
833 1724 889 1787 lex
909 1722 1007 1787 deum
1022 1722 1087 1785 illis

13 1877 15 1896 ι
144 1813 251 1879 favere
279 1811 374 1890 dicit,
401 1814 460 1895 qui
488 1813 647 1877 obediunt
675 1813 834 1879 voluntati
861 1813 944 1889 eius,
976 1816 1089 1874 contra

13 1897 15 1968 ἓ
144 1902 209 1966 iliis
231 1902 374 1964 minatur
398 1902 481 1965 iram
502 1902 569 1981 dei,
597 1902 656 1986 qui
679 1902 850 1967 discedunt
872 1922 891 1964 a
913 1900 1025 1977 verbo,
1055 1904 1088 1962 ct
1243 1950 1278 1991 ,ᾗ

13 1983 14 1996 ’
145 1991 350 2074 delinquunt.
405 1984 475 2054 'Ita
507 1992 610 2055 animi
636 2012 766 2074 quoque
794 1991 896 2057 nostri
930 1993 1086 2065 statuunt,
1175 1994 1176 1997 ’
1247 1992 1278 2083 ‘'3'3

13 2067 16 2175 ζ
145 2079 245 2146 deum
259 2078 365 2145 odisse
380 2086 572 2164 peccatores,
596 2087 630 2145 et
643 2082 859 2147 condemnare
873 2080 964 2146 velie.
1005 2078 1087 2141 Cum

146 2171 245 2253 igitur
271 2169 366 2233 nobis
392 2171 476 2233 male
503 2171 624 2236 conscii
654 2172 772 2248 simus,
807 2171 952 2252 fugimus
979 2167 1087 2243 deum,

45 2329 49 2339 ,
146 2267 180 2324 et
201 2259 378 2323 metuimus
400 2259 470 2323 ciue
490 2261 659 2326 iudicium.
705 2260 796 2325 Sicut
809 2260 916 2323 Adam
939 2264 972 2322 et
985 2257 1087 2332 Heva,
1252 2303 1278 2340 a

14 2332 16 2383 ³
147 2369 223 2414 cum
251 2348 408 2426 sentirent
444 2349 543 2412 deum
570 2350 606 2414 in
634 2349 785 2432 paradiso
819 2347 1087 2431 appropinquare,
1158 2351 1159 2354 ’
1245 2327 1278 2442 ξ

148 2436 348 2522 quaerebant
373 2434 521 2516 latibula,
550 2446 584 2503 et
605 2437 859 2503 reformidabant
881 2441 1090 2518 conspectum

148 2530 229 2605 cius,
253 2546 320 2590 non
333 2532 483 2608 poterant
504 2529 566 2590 hoc
589 2528 652 2592 sibi
669 2525 871 2610 persuadere,
895 2523 983 2606 quod
1006 2527 1089 2604 post·

150 2637 250 2700 quam
265 2623 462 2697 peccassent,
486 2617 566 2680 deus
581 2637 635 2681 eos
651 2623 784 2701 paterne
799 2613 979 2696 complecti,
1004 2613 1090 2692 igno·
1216 2653 1218 2658 ,
1244 2649 1252 2674 2

149 2726 252 2784 scere,
284 2710 318 2768 et
339 2725 433 2786 porro
456 2704 627 2771 defendere
650 2706 754 2771 vellet.
801 2704 943 2769 Poenam
972 2708 1091 2766 certam

148 2805 275 2876 norant,
299 2813 373 2857 eam
394 2793 581 2860 iudicabant
603 2816 670 2860 non
692 2815 786 2878 posse
808 2794 876 2859 ulla
897 2792 1019 2857 ratione
1042 2788 1093 2853 vel

149 2883 303 2969 impediri
325 2883 376 2946 vel
398 2883 549 2964 mitigari.

239 2978 292 3042 Ad
314 2971 404 3035 hunc
419 2973 553 3036 modum
576 2993 689 3037 omnes
704 2972 854 3037 homines
877 2969 918 3034 de
941 2965 1001 3030 deo
1024 2985 1092 3028 sen·

151 3067 248 3132 aiunt.
294 3059 372 3124 Ideo
386 3061 583 3144 hypocritae,
607 3063 666 3144 qui
688 3079 722 3125 ae
744 3059 808 3141 legi
831 3057 884 3124 dei
901 3054 1093 3130 satisfecisse

152 3156 327 3227 somniant,
341 3151 456 3217 „securi
477 3158 563 3230 sunt,
588 3172 625 3216 ac
644 3157 775 3216 tantum
796 3167 863 3214 non
885 3147 922 3210 in
943 3145 1018 3208 sinu
1041 3140 1093 3204 dei

153 3265 187 3308 ee
216 3246 327 3310 sedere
354 3238 554 3318 existimant,
586 3240 643 3304 scd
669 3241 733 3305 hoc
760 3239 797 3304 in
824 3236 896 3302 loco
923 3234 992 3316 ipse
1014 3230 1094 3293 deus

152 3333 248 3417 longe
271 3335 342 3400 aliis
364 3348 399 3392 sc
421 3329 528 3411 pingit
548 3330 718 3395 coloribus.

244 3425 416 3488 Peccatum
437 3418 537 3482 Israel
558 3420 653 3501 quale
676 3420 733 3497 sit,
762 3422 877 3482 notum
900 3417 1010 3476 estex
1033 3425 1094 3511 cre·

155 3513 222 3576 bris
237 3514 337 3576 huius
358 3506 534 3588 prophetae
549 3509 769 3573 concionibus.
814 3507 863 3568 Ac
877 3501 955 3567 satie
977 3496 1012 3562 id
1027 3516 1094 3598 pm·

160 3604 242 3682 rfitur
263 3603 327 3666 hac
348 3615 416 3666 una
438 3597 698 3676 comminatione,
722 3595 810 3678 quod
832 3593 975 3658 minatur
997 3585 1095 3651 domi·

248 3795 276 3866 1)
294 3795 365 3850 Dcu.
384 3795 428 3851 29.
465 3789 494 3860 2)
512 3790 625 3846 Peccati
643 3791 763 3846 effectus
781 3788 813 3843 in
831 3782 945 3841 animis,
