2575 4225
210 273 272 334 162
560 269 673 331 Versio
696 267 797 331 latina

207 440 394 524 imolaverit,
420 448 580 510 osculatus
603 452 653 508 est
674 446 800 509 vitulos.
841 445 918 508 Ideo
941 453 1036 510 erunt
1050 451 1146 528 quasi

207 539 309 600 nubes
336 537 512 612 matutina,
541 542 574 598 et
602 534 696 614 quasi
725 555 776 598 ros
804 554 899 596 mane
930 537 1077 614 veniens,
1115 544 1148 602 et

207 626 290 688 sicut
312 627 404 706 palea
426 645 525 704 quam
547 629 663 687 ventus
686 623 828 704 dispellit
849 624 890 685 ab
907 643 989 700 area,
1012 632 1044 688 et
1059 626 1149 690 velut

207 716 317 776 furnus
340 734 437 793 quem
460 713 602 794 dispellit
623 718 738 779 ventus
761 713 959 776 1111111111.-

300 798 386 882 1Εςο
421 807 530 865 autem
564 801 715 864 dominus
753 802 832 864 deus
870 807 946 864 tuus
984 801 1023 864 de
1062 808 1148 865 terra

206 892 355 972 Aegypti.
400 893 515 970 Itaque
538 890 633 952 deum
658 895 783 970 praeter
805 911 857 954 me
887 910 954 952 non
978 910 1146 970 agnosces,

206 981 382 1043 nonenim
410 986 459 1042 est
488 982 624 1042 salvator
653 986 778 1059 praeter
804 1001 866 1041 me.
913 978 981 1058 Ego
1011 980 1148 1059 cognovi

206 1075 238 1132 te
260 1071 296 1131 in
319 1069 453 1144 deserto,
477 1069 512 1130 in
534 1073 617 1130 terra
639 1067 738 1129 arida.
778 1067 840 1130 sed
855 1087 930 1130 oum
946 1068 1075 1132 abunde
1091 1060 1147 1132 eos

206 1179 383 1239 pascerem,
422 1164 455 1221 et
488 1157 623 1220 saturati
657 1163 777 1232 essent,
802 1158 975 1221 elevatum
1010 1162 1059 1220 est
1093 1178 1149 1220 cor

206 1267 326 1324 eorum,
350 1254 383 1309 et
405 1247 497 1309 obliti
519 1252 596 1308 sunt
617 1246 691 1308 mei.

298 1330 422 1410 2Quare
450 1355 508 1414 ego
536 1354 665 1414 quoque
695 1353 747 1396 ero
778 1334 824 1395 eis
854 1333 938 1396 siout
964 1335 1029 1412 leo,
1060 1335 1146 1399 siout

206 1425 325 1505 pardus
349 1425 405 1503 qui
427 1422 598 1486 insidiatur
620 1423 656 1484 in
678 1422 739 1486 via.
786 1422 957 1484 Occurram
980 1423 1025 1486 eis
1049 1427 1145 1504 quasi

205 1533 299 1576 ursus
322 1513 452 1576 orbatus
475 1512 602 1588 catulis,
634 1517 667 1573 et
688 1510 832 1573 laceraho
861 1511 1060 1594 obstinatum
1092 1534 1147 1576 cor

206 1622 326 1678 eorum,
353 1601 574 1680 devoraboque
598 1620 651 1663 eos
674 1600 721 1662 ibi
744 1600 837 1679 quasi
858 1600 918 1664 lec.
953 1602 1062 1678 Bestia
1077 1604 1148 1682 agri

205 1691 337 1772 diripiet
359 1711 422 1753 eos.

298 1773 426 1842 ³Perdis
460 1786 491 1843 te
524 1779 638 1854 Israel,
674 1777 731 1841 sed
759 1777 795 1839 in
825 1797 878 1840 me
907 1784 956 1841 est
984 1779 1146 1842 auxilium

205 1874 307 1932 tuum.
354 1869 419 1930 Vbi
446 1874 496 1931 est
521 1888 578 1930 rex
604 1874 681 1930 tuus
709 1886 806 1943 nuno,
841 1873 879 1929 ut
909 1868 1009 1930 salvet
1042 1873 1075 1931 te
1109 1870 1148 1932 in

204 1959 355 2021 omnibus
378 1956 560 2020 civitatibus
583 1955 672 2018 tuis?
702 1955 768 2017 Vbi
790 1947 867 2019 s‘unt
880 1955 1003 2019 iudices
1019 1957 1077 2033 tui,
1103 1958 1147 2021 de

205 2047 322 2127 quibus
346 2046 473 2109 dixisti:
495 2046 546 2108 Da
567 2044 651 2107 mihi
673 2064 781 2125 regem
803 2050 836 2106 et
850 2045 1036 2127 principes?
1060 2047 1148 2109 Dedi

203 2136 312 2215 itaque
336 2136 397 2198 tihi
419 2156 526 2215 regem
552 2136 588 2197 in
616 2136 665 2223 ira
691 2154 780 2211 mea,
811 2140 844 2197 et
871 2134 906 2196 in
936 2135 1041 2197 furore
1071 2156 1148 2210 meo

205 2243 280 2285 eum
296 2224 448 2285 auferam.
479 2224 634 2303 Colligata
649 2224 737 2285 enim
749 2230 797 2286 est
807 2224 962 2303 iniquitas
975 2224 1146 2305 Ephraim,

205 2318 238 2374 et
259 2318 427 2393 peceatum
451 2312 728 2398 eiusrepositum.
775 2313 906 2375 Dolores
934 2314 1147 2393 parturientis

204 2402 334 2465 venient
363 2402 402 2463 ei.
448 2402 523 2483 Ipse
557 2407 606 2464 est
638 2400 723 2468 filius
758 2422 824 2463 non
859 2400 1000 2483 sapiens,
1037 2404 1151 2467 veniet

156 2493 161 2503 ’
204 2490 301 2570 igitur
322 2497 461 2571 tempus,
485 2497 518 2554 et
540 2510 606 2553 non
629 2490 790 2566 consistet,
809 2490 967 2560 obruetur
987 2490 1075 2553 enim
1091 2492 1147 2555 do-

203 2579 324 2641 loribus
348 2586 467 2659 partus.

206 2855 220 2893 4
267 2884 286 2923 a
309 2884 409 2925 manu
431 2863 551 2925 inferni
574 2844 732 2927 redimam
761 2884 827 2939 eos,
860 2883 879 2925 a
907 2868 1009 2925 morte
1038 2863 1156 2926 vindi?

291 2953 370 3015 cabo
394 2973 457 3016 eos.
504 2953 567 3015 Ero
590 2954 689 3033 pestis
712 2959 769 3015 tua
791 2971 892 3027 mors,
922 2971 975 3014 ero
1003 2952 1151 3033 exitium
1194 3014 1198 3019 .

202 3045 296 3103 tuum
319 3041 475 3124 inferne.⁷
500 3041 680 3105 Consolatio
705 3040 892 3104 abscondita
914 3046 963 3103 est
984 3040 1026 3102 ab
1041 3042 1147 3105 oculis

202 3129 298 3205 meis,
327 3131 482 3210 quoniam
510 3130 594 3194 inter
621 3131 736 3193 fratres
765 3131 833 3211 ipse
861 3129 1002 3192 fructum
1033 3130 1144 3195 faciet.

206 3211 346 3281 ⁵Veniet‘
358 3224 465 3282 autem
478 3224 592 3282 ventus
608 3219 781 3282 orientalis.
807 3218 965 3281 Dominus
981 3238 999 3279 a
1015 3218 1146 3282 deserto

291 3463 319 3529 1)
347 3463 512 3531 Amplificat
538 3469 687 3531 peccatum
712 3463 980 3535 commemoratione
1007 3460 1148 3517 benefiei-

202 3543 284 3587 orum
310 3534 364 3588 dei.
402 3535 430 3603 2)
456 3536 569 3589 Poenae
593 3535 751 3601 contempti
777 3534 872 3602 verbi,
901 3549 953 3587 seu
979 3531 1138 3589 idolatriae

201 3604 229 3672 3)
248 3604 379 3671 Regnum
396 3608 487 3660 Israel
504 3607 621 3673 penitus
638 3605 818 3661 vastandum.
850 3603 878 3671 4)
892 3603 1001 3657 Christi
1019 3619 1147 3671 regnum

202 3679 232 3729 et
249 3675 428 3729 beneficium.
458 3677 486 3745 5)
500 3678 664 3746 synagogae
682 3675 816 3731 interitus
829 3675 1040 3729 contemnentis
1058 3692 1150 3731 evan-

202 3746 308 3813 gelium
327 3762 379 3800 seu
396 3747 534 3803 beneficia
553 3746 670 3802 Christi.
