2575 4225
428 274 556 340 Hosaao
576 274 762 357 prophetas.
999 260 1067 345 iil

122 453 187 532 qui·
201 452 349 516 bonitas
373 450 428 517 dai
448 452 541 519 abuti
563 472 633 517 non
653 452 817 531 desinunt,
847 455 882 517 in
904 455 965 519 hos
987 476 1063 539 quo.

71 577 76 586 =
121 540 219 607 modo
240 546 348 622 potest
368 539 449 605 deus
471 540 691 607 diutiusassa
709 543 895 607 bansfious?

210 630 426 693 Frumentum
453 637 614 709 mustum,
645 630 758 697 lanam
787 638 821 695 ot
846 633 969 711 linum,
999 634 1063 699 hoo

22 741 23 760 ι
120 727 178 796 sat,
206 739 327 801 panem
349 717 587 799 quotidianum,
609 740 724 801 panum
746 726 779 785 at
798 722 918 800 omnia,
943 723 1063 804 quibua

22 855 23 862 ι
119 809 200 872 hasa
222 808 395 890 oorporalia
412 808 486 873 vita
506 828 589 890 opus
609 810 718 887 habat,
743 810 826 875 daus
846 812 944 874 stiam
967 812 1083 877 malis

22 909 23 952 1
119 898 237 973 donat,
266 903 304 961 ut
326 904 504 977 agnoscant
531 904 663 962 sumet
684 898 752 962 eius
780 899 918 964 bonitati
947 901 1060 979 fidant,

22 1041 23 1076 3
118 1007 155 1049 aa
176 987 387 1067 aoquiasoant
407 987 478 1050 voci
500 986 579 1051 sius.

211 1070 293 1137 ¹Sed
320 1074 515 1137 Iudaeorum
543 1076 730 1179 exemplum
758 1075 848 1153 vide,
885 1078 938 1140 his
966 1078 1062 1143 donis

117 1164 211 1228 abrasi
233 1163 367 1227 suntad
383 1163 580 1243 aagendam
570 1164 785 1243 rgnominiam
808 1185 901 1228 suam
916 1184 973 1231 sau
1002 1169 1060 1231 im·

22 1247 23 1252 ’
117 1254 284 1335 pietatem,
308 1253 479 1317 voluerunt
499 1253 588 1315 enim
611 1272 653 1315 ex
674 1254 737 1315 isto
761 1274 911 1318 suooassu
924 1257 1061 1337 probaro

116 1342 204 1418 aliis,
233 1360 335 1421 quam
357 1340 417 1403 deo
446 1347 555 1407 assant
575 1361 686 1418 ouras,
715 1361 790 1405 oum
812 1348 923 1407 tamen
948 1350 1060 1427 turpes

22 1434 24 1489 ἶ
114 1431 272 1512 idolatrae
299 1436 333 1493 st
354 1430 595 1512 prophetioidae
625 1438 741 1495 essent
788 1428 878 1495 Siout
903 1434 1060 1514 pontificii

116 1521 319 1602 superiorum
348 1525 531 1601 tompomm
564 1520 736 1584 oommoda
769 1522 863 1585 nobis
891 1522 1058 1600 obiiciunt,

22 1610 23 1643 ³
114 1615 273 1689 tanquam
296 1613 420 1672 asrtum
436 1614 676 1689 argumentum,
696 1630 790 1673 veras
813 1616 845 1673 at
867 1631 967 1691 purae
989 1613 1059 1675 rali-

22 1698 23 1738 ἶ
114 1699 229 1778 gionia.
281 1698 466 1763 Praesentia
500 1704 610 1763 autom
636 1698 858 1775 incommoda,
881 1700 978 1780 'quas
1008 1718 1059 1764 su-

114 1788 250 1869 purioris
277 1786 460 1862 idolatriae,
491 1792 524 1850 at
551 1786 729 1868 praesentis
757 1787 998 1867 ingratitudinis
1026 1795 1060 1851 at

22 1867 23 1895 ¹
114 1881 320 1957 contemptus
335 1895 458 1957 poenae
475 1881 561 1953 sunt,
584 1875 700 1939 dicunt
714 1896 756 1939 ox
777 1876 935 1955 evangelii
958 1878 1065 1940 nostri

22 1938 24 2022 i
114 1965 262 2028 doctrina
284 1970 394 2041 enata,
424 1984 523 2044 quam
546 1970 704 2045 tanquam
732 1964 865 2027 noxiam
888 1964 1056 2041 damnant,

22 2055 23 2089 ³
113 2060 148 2118 et
168 2054 322 2118 omnibus
345 2058 504 2123 conantur
517 2052 658 2119 inuisam
672 2052 815 2117 reddare.
861 2054 945 2118 Vera
959 2054 1092 2140 igiturx

22 2140 23 2164 ¹
112 2144 258 2209 mundus
286 2143 521 2207 insanabilibus
549 2143 644 2206 malis
672 2148 820 2223 urgetur,
852 2161 929 2206 nam
952 2144 1058 2225 plagis

112 2253 179 2296 non
202 2233 406 2308 emandatm,
430 2238 464 2296 at
483 2231 649 2296 beneficiis
672 2231 725 2295 dai
747 2233 882 2314 turpiter
904 2233 1058 2297 abutitur.

112 2322 201 2397 Quid
222 2321 322 2402 igitur
344 2320 432 2390 aliud
455 2320 553 2385 faeiat
567 2320 658 2398 deus,
682 2326 782 2401 quam
797 2327 834 2384 ut
855 2322 958 2385 malos
973 2322 1060 2384 malo

22 2463 23 2479 i
111 2411 237 2492 perdat,
269 2416 302 2474 et
323 2411 435 2474 omnia
456 2410 628 2474 commoda
650 2410 783 2473 tandem
802 2410 926 2492 eripiat,
949 2416 987 2473 ut
1010 2429 1058 2472 eo-

22 2502 23 2557 i
112 2506 231 2580 gantur
253 2501 305 2564 vol
326 2499 421 2564 inviti
443 2498 603 2563 desistore·
620 2519 641 2561 a
663 2499 812 2581 pscoatis.

138 2602 141 2604 ’
204 2588 268 2651 Sod
305 2589 387 2652 liaeo
426 2597 555 2668 quoquo
589 2587 789 2668 privatorum
835 2585 1059 2652 existimemus

112 2685 248 2759 pooaata
268 2672 368 2741 aasa²
414 2677 512 2742 Dives
540 2675 629 2757 apud
643 2677 766 2740 Lucam
787 2676 823 2738 in
845 2676 982 2738 summis
1005 2674 1058 2738 do-

22 2818 23 2825 ,
109 2768 210 2844 liniis,
241 2766 277 2829 in
300 2787 334 2829 ro
355 2767 442 2830 bona
472 2785 509 2828 ao
530 2766 620 2828 lauta
642 2771 700 2841 ast,
731 2785 790 2828 neo
813 2771 881 2829 tam
911 2784 1056 2846 praesen·

112 2857 198 2920 tium
216 2857 375 2918 bonorum
391 2875 454 2919 usu
470 2854 662 2930 delectatur,
684 2873 784 2934 quam
800 2853 886 2934 quod
902 2859 997 2934 putat
1019 2873 1067 2916 ea.

22 3012 23 3015 ,
111 2965 181 3008 esse
209 2945 334 3025 premia
363 2944 524 3018 iusticiae,
556 2962 589 3004 se
619 2943 718 3022 igitur
740 2943 873 3005 beatum
901 2935 1053 3003 iudicat.⁸

22 3031 23 3040 ³
109 3035 254 3097 Eoontra
267 3033 424 3099 Lazarum
447 3031 608 3095 afflictum
623 3031 802 3094 contemnit
823 3037 979 3108 tanquam
995 3026 1058 3092 deo

22 3180 23 3189 ,
109 3123 265 3199 invisum,
290 3128 322 3184 et
337 3121 394 3201 qui
416 3120 555 3203 peccatis
571 3120 638 3183 suis
662 3119 799 3200 ooegerit
812 3111 915 3181 dauni
933 3117 973 3179 ad
988 3123 1058 3180 tam
1083 3129 1086 3134 '

110 3212 244 3274 acerbos
267 3211 427 3273 cruciatus
448 3209 651 3288 infligendos.
699 3207 834 3271 Securus
856 3206 966 3287 itaque
989 3227 1057 3287 per-

22 3334 23 3361 r
110 3302 160 3381 git
186 3301 223 3362 in
244 3299 424 3382 hypocrisi,
453 3303 487 3361 et
508 3318 657 3362 verorum
684 3297 828 3362 cultuum
852 3296 904 3359 dei
926 3295 1058 3376 penitus

22 3384 23 3395 ’
169 3389 322 3463 ivisoitur.
368 3389 442 3451 Non
458 3387 585 3468 cogigat
606 3388 671 3449 hoo
685 3387 854 3468 praecipue
870 3383 1058 3448 faciendum

166 3478 190 3555 i,
221 3483 260 3541 ut
288 3478 432 3559 primum
461 3476 522 3538 deo
550 3481 660 3554 gratus
684 3475 727 3538 sit
753 3497 811 3558 pro
833 3471 1057 3536 benedictione

201 3687 231 3755 2)
245 3677 338 3757 impii
357 3685 487 3743 bonitate
507 3684 554 3739 dai
573 3683 742 3741 abutuntur.
764 3682 792 3753 2>
810 3683 907 3752 Divos,
925 3682 993 3735 Luc.
1013 3679 1057 3734 16.

169 3760 296 3814 rnazarus.

842 3840 896 3896 15·
