2575 4225
213 248 279 314 478
451 253 556 336 Caput
577 259 729 334 quartum
751 251 914 316 decimum

298 436 513 494 onvertere
547 430 675 508 Israel
713 429 760 492 ad
794 429 1000 492 dominum
1041 428 1157 492 deum
1273 481 1276 488 .

315 525 444 595 tuum,
474 519 664 599 quoniam
687 517 883 583 corruisti
898 517 1156 599 propterini·

257 606 452 686 quitatem
474 613 590 670 tuam.

213 744 231 782 *
285 749 453 830 reincipit
476 748 655 812 exhortatio
684 748 726 812 ad
748 748 997 830 poenitentiam,
1021 768 1059 810 ac
1083 769 1157 810 con·

307 838 390 901 tinet
411 837 618 901 utilissimam
641 838 836 914 doctrinam,
865 837 945 916 quid
967 837 1155 900 faciendum

213 929 268 1005 sit,
299 947 374 990 cum
396 928 555 990 sentimus
577 946 698 1008 poenas
721 933 753 989 et
780 928 862 988 iram
885 925 1019 989 domini.
1067 925 1155 999 Quid

141 1066 150 1082 .
212 1017 295 1080 ratio
325 1036 383 1078 seu
412 1037 486 1079 caro
515 1017 631 1092 soleat,
664 1021 778 1078 notum
809 1021 870 1092 est,
902 1015 987 1095 fugit
1017 1017 1107 1077 enim
1136 1035 1157 1077 a

213 1105 283 1182 deo,
308 1111 341 1168 et
355 1114 511 1185 tanquam
526 1106 654 1167 hostem
677 1110 848 1180 aversatur,
872 1124 933 1166 nec
948 1124 1023 1166 cum
1042 1104 1157 1185 plagas
1275 1111 1276 1152 l

213 1196 254 1257 ab
270 1215 308 1256 eo
330 1195 449 1256 sentiat
462 1194 576 1273 infligi,
600 1199 707 1274 potest
723 1213 849 1274 sperare
865 1193 1033 1270 auxilium,
1058 1211 1157 1273 saepe

213 1303 342 1363 quoque
378 1283 573 1346 convertitur
595 1281 637 1344 ad
670 1282 783 1346 illicita
812 1281 963 1358 remedia,
1001 1281 1086 1345 sicut
1118 1282 1156 1344 in

213 1367 324 1434 Saule¹
352 1378 494 1452 apparat,
518 1391 593 1434 cum
614 1371 704 1440 videt
727 1391 760 1433 se
784 1371 945 1434 abiectum
968 1369 1081 1433 adeo.

301 1458 364 1522 Sed
404 1460 562 1541 propheta
596 1460 756 1541 populum
794 1479 890 1522 suum
924 1459 1014 1521 aliter
1049 1458 1155 1523 docet.

210 1549 332 1610 Verum
360 1555 425 1624 eat,
456 1549 578 1626 inquit,
610 1553 741 1629 propter
763 1552 894 1629 peccata
916 1553 973 1610 tua
995 1547 1156 1610 corruisti.

211 1637 274 1699 Sed
296 1657 363 1700 non
376 1637 450 1699 ideo
466 1636 660 1717 desperabis.
693 1637 757 1710 Qui
772 1637 859 1700 enim
874 1638 1041 1717 percussit,
1065 1635 1157 1698 idem

211 1727 310 1789 etiam
332 1726 475 1788 medicas
497 1727 608 1793 afferet
629 1746 756 1788 manus.
803 1726 906 1806 Igitur
920 1726 988 1787 noli
1011 1725 1159 1789 converti

210 1816 252 1877 ad
275 1815 435 1896 praesidia
456 1815 609 1890 humana,
634 1815 691 1877 sed
714 1820 895 1877 convertere
918 1813 960 1876 ad
983 1813 1157 1876 dominum

210 1905 309 1968 deum
331 1911 435 1967 tuum.
481 1903 553 1966 Etsi
575 1904 663 1966 enim
678 1903 837 1985 percussit
858 1908 899 1979 te,
923 1904 1064 1983 pcccatis
1087 1903 1158 1966 tuis

210 1994 352 2057 irritatus
381 1998 414 2055 et
442 1994 536 2073 quasi
563 1997 706 2069 coactus,
740 1997 849 2054 temen
877 2012 942 2054 non
969 1991 1042 2054 ideo
1073 1991 1158 2054 deus

210 2102 279 2147 esse
307 2082 412 2145 desiit.
457 2082 562 2163 Igitur
583 2081 626 2145 ad
649 2101 724 2144 eum
748 2086 946 2157 convertere,
978 2100 1045 2143 non
1069 2081 1156 2144 sicut

210 2177 306 2232 antea
333 2172 453 2247 iecisti,
478 2171 609 2234 obverte
631 2172 663 2233 ei
685 2172 828 2247 docenti,
852 2170 1012 2246 monenti,
1040 2189 1155 2233 consu-

209 2260 290 2322 lenti
317 2278 374 2341 per
402 2260 537 2323 verbum
566 2280 680 2336 suurn,
716 2260 857 2323 doraum.
921 2258 1077 2322 Converte
1110 2258 1156 2321 ad

210 2369 285 2411 eum
308 2348 424 2411 faciem
447 2354 554 2425 tuum,
584 2348 691 2430 pende
714 2348 755 2412 ab
779 2368 832 2411 ore
855 2348 939 2423 eius,
968 2346 1046 2410 audi
1069 2367 1155 2428 quae

209 2437 358 2515 mandat,
387 2444 420 2501 et
441 2439 625 2517 obsequere.
672 2438 724 2501 Ita
750 2437 876 2501 desinet
897 2436 1005 2513 irasci,
1030 2441 1062 2499 et
1085 2442 1153 2499 non'

209 2527 314 2589 solum
335 2527 499 2607 mitigabit
513 2547 643 2607 menas,
668 2526 725 2589 sed
748 2527 847 2590 etiam
861 2524 1154 2607 condonabitpcc·

209 2620 290 2692 cata,
315 2621 347 2677 ct
369 2616 548 2677 cumulabit
569 2622 602 2678 te
624 2615 762 2677 aeternis
785 2615 888 2678 bonis.

297 2703 348 2764 Ita
369 2703 405 2763 in
427 2722 542 2781 genere
557 2704 715 2783 propheta
737 2704 880 2783 primum
896 2701 1045 2778 ostendit,
1071 2702 1155 2782 quid

208 2791 251 2853 sit
272 2790 487 2872 poenitentia,
519 2810 636 2871 nempe
660 2792 801 2855 converti
824 2792 866 2855 ad
889 2792 1068 2867 dominum,
1093 2810 1153 2853 seu

208 2879 372 2943 attendere
394 2880 501 2944 verbo.
543 2878 606 2943 Sed
629 2899 717 2944 nunc
738 2901 796 2963 per
818 2881 941 2962 species
964 2880 1152 2964 explicabit.

1273 1301 1276 1354 l

1273 1495 1276 1578 i

303 3022 454 3103 ccipite
482 3022 688 3086 vobiscum
710 3023 846 3098 verba,
878 3028 918 3085 et
944 3021 1152 3086 converti·
1271 3046 1272 3093 3

318 3111 419 3173 mini
442 3112 490 3173 ad
513 3111 734 3188 dominum,
763 3116 802 3173 et
824 3111 951 3174 dicite
974 3110 1023 3174 ad
1047 3130 1150 3173 cum:
1270 3126 1272 3187 j

252 3200 413 3262 Omnem
452 3202 613 3264 remitte
653 3200 929 3279 iniquitatem,
971 3204 1008 3261 et
1045 3198 1154 3261 dona
1270 3238 1271 3294 p

251 3290 409 3365 bonurn,
447 3295 485 3352 et
511 3289 726 3352 reddemus
761 3289 915 3353 vitulos
936 3287 1151 3376 labiorum
1270 3298 1271 3349 ἱ

251 3384 491 3442 nostrorum.

208 3518 421 3531 *—

296 3571 323 3637 1)
343 3572 417 3625 Saul.

287 3655 293 3670 h

295 3730 321 3798 ·)
339 3732 376 3783 In
393 3747 480 3797 marg.
500 3731 562 3785 coll.
581 3732 657 3785 Ien.:
684 3728 854 3784 Exhortatio
872 3730 909 3783 ad
927 3708 1139 3796 poenitentiam
