2575 4225
219 239 282 302 156
564 238 678 302 Versio
701 237 802 300 latina

216 416 365 496 colligam
394 434 463 491 eas,
494 422 527 479 et
555 420 745 492 atterentur,
778 413 934 496 pardatim
965 414 1112 495 oppressi
1140 433 1161 476 a

201 524 289 597 rege
311 511 344 567 et
366 504 577 587 principibus.

309 624 412 703 ¹Quia
444 628 640 711 multiplicat
673 627 830 710 Ephraim
864 627 977 691 altaria
1010 627 1052 690 ad
1087 647 1158 709 pec·
1281 603 1285 718 ’ἰ

215 717 365 795 candum,
382 717 456 781 ideo
469 724 563 781 erunt
574 719 604 780 ei
619 717 656 779 in
671 724 848 798 peccatum,
867 715 980 797 scripsi
999 716 1030 778 ei
1045 716 1159 780 sedulo
1281 719 1285 748 ⁴

213 806 317 888 legem
340 825 458 883 meam,
482 806 539 869 sed
561 811 714 888 reputant
737 827 809 868 eam
828 825 886 887 pro
901 805 1035 868 haeresi.
1074 806 1158 868 Imo-

214 896 284 959 lant
305 896 427 959 hostias
449 895 533 958 mihi
559 895 596 958 in
626 895 837 971 oblationem,
867 914 950 974 quae
977 893 1061 956 nihil
1073 936 1079 943 -
1092 894 1159 980 nisi
1283 873 1285 914 ⁷

214 1003 287 1047 caro
303 990 380 1047 sunt
395 1004 494 1064 quam
510 984 693 1061 comedunt,
714 984 770 1046 sed
786 983 919 1046 dommo
934 1003 1001 1046 non
1016 983 1156 1064 placent.
1283 1009 1285 1018 ¹

213 1073 307 1136 Nunc
330 1072 429 1154 igitur
452 1073 670 1158 recordabitur
692 1072 874 1152 iniquitatis
897 1075 1027 1148 eorum,
1057 1078 1091 1134 et
1113 1072 1157 1136 vi·
1258 1111 1260 1116 -

213 1162 325 1225 sitabit
346 1169 477 1244 peccata
499 1179 627 1238 eorum,
658 1153 746 1241 qdod
770 1161 812 1223 ad
833 1160 1010 1242 Aegyptios
1033 1179 1067 1224 se
1090 1181 1158 1224 ver·
1217 1195 1222 1204 ·

213 1256 297 1314 tunt.
344 1251 550 1316 Obliviscitur
572 1251 672 1313 Israel
694 1250 823 1313 factoris
847 1251 914 1326 sui,
946 1256 979 1313 et
1008 1248 1160 1312 acdificat

214 1340 351 1421 templa,
381 1347 413 1403 et
435 1339 518 1402 Iuda
539 1339 735 1421 multiplicat
762 1340 858 1402 urbes
885 1330 1039 1401 munitas.
1087 1339 1158 1440 Ego

214 1434 323 1491 autem
345 1431 475 1493 mittam
497 1430 607 1508 ignem
629 1429 664 1490 in
680 1427 919 1514 civitates-eius,
944 1434 976 1490 et
991 1427 1161 1498 devorabit

214 1517 338 1599 palacia
361 1518 440 1617 eius.

653 1783 712 1845 IX.

219 1937 301 2054 'Na
344 1944 472 2006 laeteris
509 1963 590 2007 neve
624 1942 749 2004 exultes
781 1941 881 2004 Israel
916 1941 1000 2004 sicut
1033 1945 1159 2026 populi,

304 2033 459 2115 quoniam
482 2053 539 2115 per
565 2031 812 2094 fornicationem
842 2029 1018 2094 discessisti
1048 2052 1068 2095 a
1097 2033 1160 2097 deo

215 2129 281 2185 tuo.
326 2122 476 2185 Dilexisti
498 2122 694 2197 mercedem,
721 2122 836 2184 horrea
859 2120 1021 2184 frumento
1049 2123 1159 2204 plena.
1258 2136 1274 2161 ·

215 2210 277 2275 Sed
300 2211 451 2273 horreum
469 2217 502 2273 et
515 2211 655 2273 torcular
670 2230 736 2273 non
751 2215 862 2291 pascet
876 2228 939 2286 eos,
964 2217 997 2273 et
1011 2218 1160 2275 mustum

215 2300 305 2364 fallet
334 2318 401 2376 eos,
432 2319 498 2361 non
524 2299 720 2362 habitabunt
748 2299 784 2361 in
813 2304 898 2362 terra
923 2298 1064 2375 domini,
1100 2300 1160 2364 sed

215 2394 390 2453 revertetur
412 2388 569 2471 Ephraim
590 2388 627 2450 in
650 2390 856 2470 Aegyptum,
871 2394 903 2451 et
925 2387 960 2451 in
978 2388 1158 2469 Assyriam,
1191 2434 1194 2441 ·

215 2499 253 2542 ac
279 2478 441 2562 pollutum
471 2477 628 2541 comedet.
674 2477 747 2539 Non
774 2476 926 2539 libabunt
954 2475 1086 2541 domino
1114 2480 1159 2543 vi·

215 2587 304 2643 num,
341 2586 400 2629 nec
434 2566 608 2648 placebunt
642 2566 689 2640 ei,
728 2565 885 2628 sacrificia
919 2584 1031 2629 eorum
1069 2574 1159 2645 sunt,

215 2656 299 2719 sicut
320 2656 414 2736 panis
436 2654 627 2734 lugentium.
675 2654 795 2718 Omnes
818 2655 875 2735 qui
898 2654 1096 2719 comederint
1117 2657 1160 2719 de

215 2764 253 2807 eo
276 2744 459 2825 polluentur
481 2744 558 2823 quia
580 2744 676 2826 panis
700 2763 811 2807 eorum
834 2763 898 2823 quo
929 2742 1060 2806 aluntur
1090 2765 1161 2809 non

214 2834 322 2897 veniet
350 2832 392 2895 ad
423 2832 557 2895 domum
585 2831 721 2895 domini.
768 2832 855 2906 Quid
885 2832 1009 2896 facietis
1041 2834 1078 2896 in
1104 2833 1161 2897 die

215 2922 361 2985 solenni?
384 2927 416 2985 et
437 2923 474 2985 in
496 2921 578 2987 festo
597 2921 748 2985 domini?
771 2921 933 2995 Quoniam
948 2942 1019 2985 ecce
1036 2922 1163 2987 abeunt

215 3017 345 3093 propter
374 3012 574 3088 vastitatem,
603 3014 771 3092 Aegyptus
802 3029 855 3073 eos
885 3010 1025 3091 colliget,
1055 3010 1162 3093 Moph

215 3119 269 3163 eos
296 3100 444 3181 sepeliet,
475 3101 580 3163 urtica
601 3099 841 3182 possidebitea
862 3098 946 3176 loca,
978 3100 1163 3181 inquibus

215 3208 303 3251 nunc
326 3195 476 3269 argentea
497 3189 592 3266 idola,
617 3188 751 3251 deliciae
766 3187 920 3269 ipsorum,
945 3195 1022 3251 sunt
1040 3190 1162 3270 posita.

216 3277 327 3341 Sentes
350 3278 386 3340 in
408 3277 623 3341 tabernaculis
646 3278 793 3359 ipsorum
816 3277 1015 3359 provenient.
1055 3279 1163 3342 Vene-

306 3576 332 3642 1)
352 3576 496 3640 Quoniam
512 3577 601 3633 verbo
618 3592 678 3631 non
696 3581 854 3646 attentant,
874 3575 1018 3646 peribunt.
1057 3576 1087 3646 2)
1107 3580 1141 3634 V:

216 3646 352 3700 ticinatur
370 3664 429 3701 non
448 3648 541 3701 solum
559 3649 688 3717 captivos
707 3648 767 3701 fore
783 3648 858 3702 inter
869 3652 977 3717 gentes,
998 3648 1051 3701 scd
1071 3650 1149 3705 etia.-

216 3733 275 3770 non
292 3715 444 3772 habituros
462 3720 570 3773 cultum
592 3718 725 3787 aliquem.
