2575 4225
433 294 559 357 Hoseae
582 296 765 376 prophetae.
1005 296 1068 359 219

130 472 296 536 Christum
319 472 564 553 amplectuntur,
589 478 622 535 et
644 472 680 535 in
695 492 770 536 eum
785 471 929 549 credunt,
953 472 988 535 in
1006 472 1069 535 illis

131 562 276 625 nascitur
298 562 372 624 fons
399 580 502 641 aquae
532 562 676 634 salientis
704 563 740 623 in
767 568 930 625 aeternam
958 563 1068 638 vitam,

130 652 193 714 hac
216 670 302 730 aqua
323 651 381 730 qui
403 656 521 727 carent,
545 651 605 713 hos
628 650 731 732 perire
754 670 882 714 necesse
906 657 963 727 est,
988 652 1070 714 sicut

131 741 319 821 exemplum
340 740 534 803 Iudaeorum
557 744 631 802 ante
661 741 769 803 oculos
797 746 854 803 est.
901 739 963 802 Sed
993 761 1069 803 non·

130 829 211 891 dum
234 829 317 906 finis,
342 849 420 890 nam
442 828 549 901 addit:

222 1012 241 1051 r
264 989 451 1051 filiorum
473 989 564 1051 eius
595 1009 676 1051 non
705 989 944 1066 miserebor,
977 1009 1069 1069 quo·

238 1078 340 1140 niam
368 1084 459 1140 sunt
486 1078 570 1139 filii
598 1098 645 1139 ex
673 1078 941 1141 fornicatione
968 1078 1069 1153 nati,

174 1187 267 1228 nam
289 1173 413 1230 mater
436 1186 567 1229 eorum
595 1166 799 1229 fornicata
827 1172 902 1243 est,
935 1172 973 1229 et
1002 1184 1069 1247 pa-

174 1274 269 1317 rens
292 1274 424 1318 corum
447 1255 625 1336 turpiter
647 1276 686 1317 se
710 1255 847 1335 gessit.

200 1384 256 1461 aec
279 1403 328 1461 est
350 1401 466 1478 quarta
487 1396 662 1474 calamitas,
687 1396 774 1477 quod
790 1417 895 1479 poena
917 1396 1016 1461 etiam
1035 1397 1071 1459 in

221 1487 443 1567 posteritatem
471 1481 684 1550 derivabitur¹
734 1486 838 1549 Vocat
867 1486 955 1549 enim
989 1486 1071 1549 filias

130 1574 352 1638 fornicationis
375 1574 605 1657 posteritatem,
630 1596 713 1655 quae
729 1592 909 1656 synagogae
927 1575 1070 1656 impieta·

131 1670 198 1728 tem
226 1665 380 1744 sequitur.
426 1664 516 1725 Haec
546 1684 621 1726 cum
650 1665 788 1744 peccatis
816 1665 915 1728 etiam
947 1684 1070 1747 poenae

130 1752 363 1816 haereditatem
390 1752 534 1829 sortitur,
566 1753 650 1816 sicut
677 1753 825 1816 videmus
855 1758 929 1815 ante
952 1753 1069 1815 oculos.

130 1843 254 1905 Volunt
291 1841 405 1905 Iudaei
442 1842 601 1904 maiorum
647 1862 779 1905 suorum
824 1860 892 1904 esse
939 1841 1069 1917 similes,

130 1930 296 1993 Christum
318 1931 555 2011 blasphemant,
578 1951 691 1993 omnes
714 1931 782 1993 vias
798 1931 978 2006 obstruunt,
1003 1929 1070 2009 qui·

131 2020 191 2083 bus
215 2025 353 2101 possunt
375 2018 451 2081 duci
473 2017 514 2081 ad
537 2019 756 2097 cognitionem
774 2018 902 2095 Christi,
927 2018 994 2081 auis
1018 2018 1069 2079 do·

130 2109 273 2173 uteribus
296 2109 369 2190 plus
392 2108 468 2170 fidei
490 2106 653 2185 tribuunt,
678 2128 776 2188 quam
798 2106 863 2190 ipsi
886 2107 1069 2189 scripturae,

131 2199 364 2280 prophetarum
386 2197 571 2261 testimonia
594 2197 634 2259 de
651 2197 775 2261 Christo
799 2218 865 2260 non
888 2199 993 2261 solum
1008 2217 1070 2260 sce·

26 2342 30 2353 .
131 2288 229 2350 lerate
253 2286 399 2362 eludunt,
423 2286 481 2348 sed
495 2305 625 2368 prorsus
641 2286 799 2350 reiioiunt.
834 2287 968 2349 Nullum
984 2287 1071 2349 enim

131 2376 277 2439 invenies
305 2376 478 2452 Iudaeum,
516 2375 574 2454 qui
608 2377 840 2456 prophetarum
868 2375 1071 2439 autoritatem

130 2470 294 2545 sequatur.
341 2465 476 2527 Manent
505 2463 603 2543 igitur
629 2464 666 2525 in
694 2464 806 2526 eadem
838 2463 1004 2539 caecitate,
1041 2469 1072 2525 et

130 2559 263 2635 portant
294 2553 431 2615 candem
459 2572 599 2634 poenam
626 2571 701 2614 cum
735 2558 851 2629 matre,
886 2551 922 2614 in
955 2550 1070 2614 iisdem

129 2643 218 2704 enim
242 2641 381 2723 peccatis
404 2646 603 2723 permanent.

171 2784 274 2857 Quia
303 2782 426 2846 dixit:
451 2783 605 2862 Sequar
627 2789 830 2847 amatores
853 2803 978 2860 meos,
1004 2783 1073 2863 qui

170 2873 269 2935 mihi
298 2872 394 2935 dant
427 2891 574 2954 panem
604 2891 752 2949 meum,
792 2893 911 2952 aquas
943 2891 1069 2946 meas,

170 2963 304 3024 lanam
319 2981 463 3037 meam,
479 2961 611 3022 linum
625 2980 766 3037 meum,
791 2961 923 3022 oleum
943 2978 1072 3021 meum

170 3056 209 3113 et
231 3054 371 3131 potum
393 3069 527 3111 meum.

132 3186 239 3301 Ἤοο
270 3212 451 3272 synagogae
481 3197 649 3294 peccatum
672 3192 831 3293 propheta
857 3190 893 3252 in
915 3190 977 3293 hoo
1003 3189 1072 3252 loeo

222 3303 291 3344 non
313 3282 412 3344 semel
434 3280 648 3362 reprehend1t,
676 3285 759 3342 sicut
781 3285 949 3358 sequentra
970 3285 1072 3341 osten·

156 3377 220 3448 unt,
246 3370 334 3450 quod
356 3369 471 3433 scilicit
493 3389 656 3449 synagoga
677 3370 813 3450 putabat
834 3369 927 3430 illum
942 3386 1072 3446 evange-

218 3547 247 3613 1)
267 3546 357 3600 Filiae
375 3545 578 3600 fornicationis.
616 3544 847 3611 2)Evange1ium
864 3541 1007 3596 abiiciunt
1025 3531 1073 3595 ho'

157 3619 225 3672 [ines
242 3621 361 3685 propter
379 3616 497 3670 lucrum.

218 3777 245 3845 ⁸)
265 3778 301 3830 In
318 3792 406 3842 marg.
425 3777 487 3830 coll.
507 3777 582 3830 Ian:
600 3775 698 3829 Poena
716 3774 747 3827 in
766 3775 973 3842 posteritatem.
