2575 4225
190 224 254 287 444
480 222 586 302 Caput
608 220 836 283 duodecimum

189 402 292 464 ritate.
337 401 385 462 Ae
413 399 570 479 propheta
591 397 813 479 propositurus
836 400 984 458 externos
1013 395 1129 471 cultus

191 510 271 570 quos
286 493 459 570 praestant,
484 488 541 567 qui
556 487 598 549 ad
614 487 712 549 deum
728 489 965 560 convertuntur,
989 488 1076 546 tacet
1090 483 1129 544 de

189 579 242 640 his
269 576 425 656 legalibus
455 576 609 651 cultibus,
638 580 672 637 et
693 575 844 657 proponit
865 578 1037 654 praecepta
1064 591 1129 652 per·

190 672 289 748 petua
318 672 350 727 et
377 664 605 739 immutabilia,
640 683 758 745 nempe
786 661 961 725 secundam
987 661 1131 725 tabulam

192 755 290 829 Mosi,
330 754 415 816 hanc
449 753 485 815 in
515 753 769 835 pulcherrimum
795 750 1025 832 compendium
1052 750 1131 811 redi·

192 844 251 923 git,
293 841 376 904 sieut
396 842 514 904 Paulus
541 862 670 922 quoque
695 860 770 904 eum
797 839 889 902 dicit:
938 839 1029 902 Finis
1052 839 1131 918 legis

192 931 342 997 charitas.

281 1020 426 1083 Primum
448 1025 506 1096 est,
529 1025 568 1082 ut
590 1017 774 1082 custodiant
791 1017 1048 1093 beneficentiam,
1072 1017 1133 1078 hoc
1255 1087 1256 1090 Ἴ

194 1117 255 1186 est,
296 1115 335 1173 ut
362 1109 491 1173 sintin
524 1128 648 1184 omnes¹
666 1108 810 1170 benefici.
870 1105 960 1169 Sicut
987 1105 1134 1168 Christus

194 1218 321 1278 quoque
345 1198 469 1277 egregie
492 1197 656 1259 charitatis
685 1216 782 1277 opera
804 1195 1027 1269 commendat,
1059 1214 1135 1256 cum

193 1287 405 1366 interrogatus
429 1285 469 1347 de
492 1305 621 1349 summo
643 1284 797 1347 mandato
819 1285 914 1363 legis,
945 1283 1037 1346 dicit:
1074 1283 1135 1344 Do·

193 1376 321 1436 minum
353 1375 452 1436 deum
483 1381 577 1437 tuum
612 1374 726 1454 diliges
757 1394 798 1434 ex
826 1379 893 1436 toto
922 1372 1031 1448 corde,
1067 1375 1138 1435 tota

195 1464 320 1538 anima,
351 1468 384 1525 et
405 1461 526 1525 viribus
549 1463 639 1537 totis,
664 1463 725 1524 hoc
748 1463 891 1543 primum
914 1466 947 1522 et
969 1479 1136 1523 summum

194 1555 401 1633 praeceptum
423 1555 480 1612 est.
526 1550 673 1612 Alterum
694 1552 772 1613 huic
795 1551 899 1614 simile
921 1555 984 1613 est:
1014 1549 1137 1629 Diliges
1264 1612 1265 1617 ,

194 1641 380 1724 proximum
403 1644 496 1700 tuum
519 1639 602 1701 sicut
623 1640 775 1720 teipsum.

285 1729 319 1792 si
341 1728 439 1809 igitur
455 1729 537 1791 serio
560 1730 652 1810 cupis
676 1729 818 1792 converti
833 1727 875 1790 ad
899 1728 1006 1804 deum,
1031 1728 1137 1808 primo

197 1819 387 1898 amplectere
421 1838 497 1882 vera
531 1817 594 1880 fide
629 1817 793 1904 Christum
828 1825 984 1896 tanquam
1014 1815 1136 1878 redem-

196 1914 323 1989 ptorem
339 1913 442 1983 tuum,
468 1905 559 1968 erede
582 1906 680 1968 deum
696 1907 877 1992 propicium
895 1905 956 1968 tibi
978 1905 1136 1980 futurum,

196 2003 326 2078 propter
349 1995 406 2057 filii
429 1996 480 2057 sui
501 2000 648 2058 mortem.
694 1994 818 2058 Deinde
842 1995 870 2056 si
899 1995 1036 2075 quaeris,
1061 2013 1137 2072 qua·
1265 1989 1267 2008 ¹

196 2085 236 2147 lis
252 2085 368 2147 debeat
385 2104 454 2147 esse
469 2085 536 2148 vita
558 2089 624 2162 tua,
649 2091 775 2165 praesta
790 2082 1045 2160 beneficentiam,
1070 2103 1139 2145 non

198 2174 302 2235 solum
330 2193 397 2233 non
424 2174 468 2235 sis
497 2174 635 2236 iniurius
658 2174 693 2235 in
723 2168 923 2254 quenquam,
952 2172 1009 2235 sed
1039 2173 1138 2235 etiam

197 2280 389 2344 prosequere
420 2262 584 2325 beneficiis
616 2282 697 2341 quos
725 2268 832 2343 potes,
864 2262 918 2325 hic
947 2262 1035 2323 enim
1056 2261 1139 2341 legis

198 2352 272 2413 finis
295 2356 352 2413 est.

292 2435 441 2516 1Facilis,
465 2440 607 2520 inquies,
636 2442 717 2503 haec
739 2440 807 2503 veri
830 2440 934 2503 cultus
963 2440 1043 2502 ratio
1067 2440 1140 2501 est?
1266 2458 1267 2465 ¹

197 2529 343 2592 Profecto
374 2528 493 2604 facilis,
533 2529 590 2591 sed
617 2530 691 2593 vide
721 2534 771 2605 tu,
807 2548 906 2609 quam
933 2528 1028 2609 pauci
1063 2548 1138 2589 eum

198 2621 370 2697 praestent.
417 2617 515 2691 Vide,
546 2625 669 2696 quanta
691 2618 734 2680 sit
762 2618 797 2679 in
819 2617 928 2680 liberis
959 2622 991 2679 et
1013 2616 1140 2678 familia

198 2702 417 2765 inobedientia
440 2722 515 2781 erga
529 2707 701 2783 parentes?
748 2706 876 2779 Quanta
891 2711 1063 2786 parentum
1086 2725 1138 2767 nc·

200 2791 353 2872 gligentia
371 2790 407 2853 in
429 2791 605 2855 educandis
628 2799 661 2856 et
676 2794 892 2873 gubernandis
916 2795 1003 2857 suis?
1048 2795 1139 2855 Haec
1262 2790 1267 2819 ⁴

200 2880 362 2962 quomodo
374 2880 571 2944 conveniunt
582 2882 624 2945 ad
635 2883 903 2945 beneficentiam?
918 2882 1042 2945 Deinde
1054 2883 1135 2958 vide,

200 2976 322 3050 quanta
336 2971 380 3033 sit
393 2970 610 3051 impacientia,
634 2977 775 3053 quantus
794 2971 859 3034 irae
874 2971 963 3034 furor
985 2972 1022 3033 in
1036 2972 1137 3034 homi·
1265 2962 1267 2979 '

200 3060 319 3122 nibus?
348 3059 512 3121 Iniuriae?
543 3059 717 3124 Convicia?
753 3060 847 3123 Dirae
870 3060 1139 3141 imprecationes?
1265 3060 1267 3077 ¹

199 3150 337 3231 Plagae?
375 3150 495 3213 Caedes
518 3151 638 3213 etiam?
675 3150 750 3211 Huc
772 3168 950 3212 annumera
973 3167 1139 3211 caecarum

198 3239 373 3303 libidinum
409 3239 580 3312 innumera
620 3237 842 3314 incommoda,
887 3236 1004 3302 deinde
1042 3237 1136 3312 furta,

200 3329 345 3405 fraudes,
375 3328 583 3416 imposturas,
613 3326 795 3402 mendacia,
825 3327 978 3407 periuria,
1011 3326 1136 3406 etquis

201 3417 434 3481 enumeraverit
456 3418 588 3480 omnia?
633 3417 722 3478 Haec
745 3434 786 3477 ex
809 3415 965 3478 diametro
992 3420 1140 3495 pugnant
1265 3424 1267 3437 ’

69 3518 89 3592 ᾗ
201 3526 275 3567 cum
297 3507 359 3568 hoc
381 3510 563 3587 praecepte,
588 3511 621 3568 et
642 3511 752 3568 tamen
776 3523 875 3584 quam
898 3509 973 3566 sunt
995 3504 1132 3582 vulgaris

290 3694 318 3763 1)
338 3694 516 3752 Charitatem
533 3699 617 3766 pauci
634 3702 791 3766 praestant.
852 3708 853 3711 ’
