2575 4225
433 277 573 343 380
1120 275 1330 358 Caput
1373 292 1623 338 nonum

442 459 892 606 ψῑῇιῃῑιῶρὲαια
933 452 1286 517 includitur
1337 452 1420 516 de
1461 451 1681 515 liberis
1723 450 2072 512 immatura
2116 454 2323 521 morte

446 559 506 603 ἴθι]
558 567 638 603 *2³11
749 592 762 605 .

538 718 805 783 Etiam
848 739 985 784 vae
1031 720 1182 797 eis,
1230 738 1410 784 cum
1453 736 1852 783 recessero
1897 716 1991 779 ab
2039 716 2178 780 eis.
2298 781 2305 786 ,

448 879 562 983 Hs
578 899 610 939 0
654 878 736 942 de
792 886 1081 962 tempore
1128 878 1520 963 captivitatis
1564 878 1868 963 loquitur,
1931 876 2113 957 quod
2157 876 2330 940 inter

494 975 530 982 ”
590 974 811 1047 gentes
870 968 1115 1033 duriter
1172 988 1248 1032 ac
1299 968 1530 1031 misere
1590 969 1724 1030 sint
1765 966 2017 1030 victuri.
2107 966 2330 1046 Atque

450 1063 566 1119 hue
613 1056 943 1121 idolatriae
986 1063 1055 1121 et
1094 1056 1450 1139 impietatis
1493 1076 1740 1138 poenae
1784 1060 1938 1118 sunt
1954 1104 1968 1130 ‚
2026 1074 2192 1136 quas
2233 1054 2333 1117 ita

446 1147 711 1209 dmum
765 1144 1010 1209 utiliter
1053 1145 1605 1210 considerabimus
1623 1195 1638 1222 ,
1696 1163 1847 1207 cum
1890 1163 2009 1205 nos
2056 1142 2144 1205 ad
2186 1142 2330 1205 dili·

446 1259 602 1315 gens
655 1235 946 1298 studium
989 1234 1169 1299 verbi
1213 1239 1658 1300 convertemus
1673 1283 1688 1310 ‚
1752 1238 1818 1295 et
1863 1251 2131 1315 agemus
2183 1252 2331 1314 poe-

450 1322 806 1387 nitentiam.
884 1324 1050 1385 Nam
1080 1324 1299 1387 Hosea
1342 1344 1476 1387 non
1513 1323 1731 1385 minus
1776 1340 1975 1402 quam
2002 1320 2334 1403 Iohannes

454 1406 774 1491 Ezssl'lffisstal
826 1411 951 1474 hoc
996 1412 1158 1493 agit,
1215 1419 1292 1475 ut
1345 1413 1662 1495 populum
1719 1410 1802 1473 ad
1857 1410 2333 1493 poenitentiam

450 1501 754 1575 lmrtetur,
826 1506 892 1563 et
934 1507 1213 1577 moneat,
1284 1501 1560 1565 securim
1596 1500 1732 1563 iam
1777 1495 1862 1561 ad
1905 1497 2196 1582 radicem
2240 1518 2334 1581 ar·

454 1587 618 1651 boris
664 1584 960 1669 positam,
1009 1589 1139 1668 nisi
1183 1590 1532 1654 emendent
1573 1589 1794 1653 vitam.

546 1749 948 1831 Ephraim,
989 1749 1211 1814 sicut
1239 1750 1500 1826 vide0‚
1548 1749 1878 1831 pulchre
1919 1748 2340 1829 plantatus

542 1847 687 1916 est,
747 1840 1144 1944 utTyrus.
1236 1842 1340 1901 At
1394 1838 1685 1941 educet⁸
1715 1837 2100 1919 Ephraim
2147 1855 2336 1916 quo·
2541 1838 2547 1983 †

546 1946 693 2007 que
729 1925 963 2002 7f1110s
1010 1947 1192 1991 suos
1237 1946 1708 2010 percussorl.

498 2103 721 2211 '‘sn-us
750 2112 893 2169 tum
938 2125 1022 2168 ex
1049 2105 1335 2170 historiis
1380 2111 1523 2170 tum
1553 2104 1959 2188 poematibus
1991 2104 2338 2185 gentilium
2538 2028 2547 2152 i

535 2210 543 2211 ’
618 2193 1001 2275 scriptorum
1045 2201 1200 2258 nota
1240 2200 1358 2259 est.
1452 2195 1607 2257 Fuit
1636 2194 1814 2257 enim
1845 2193 2338 2257 celeberrimum

454 2281 809 2360 empurium
826 2332 840 2360 ,
901 2283 1134 2346 florens
1190 2284 1423 2365 opibus
1469 2290 1535 2349 et
1591 2282 1899 2366 potentia.
1991 2285 2087 2346 Ac
2135 2302 2337 2362 quan-

454 2392 650 2452 aguam
694 2372 776 2434 ab
820 2371 1189 2436 Alexandro
1235 2393 1454 2437 eversa
1505 2378 1604 2436 est
1621 2422 1635 2449 ,
1697 2378 1918 2436 tamen
1972 2377 2038 2434 et
2083 2371 2338 2434 difficil-

454 2464 610 2524 lima
660 2462 1057 2543 oppugnatio
1101 2459 1256 2535 fuit,
1323 2467 1388 2526 et
1428 2461 1826 2538 Alexander,
1890 2458 2066 2540 quod
2113 2466 2339 2524 tamen

456 2568 771 2628 nusquam
820 2550 974 2614 alibi
1019 2551 1328 2614 accidisse
1375 2550 1436 2614 ei
1472 2555 1640 2632 ‘puto
1660 2600 1674 2627 ,
1724 2549 1807 2611 de
1852 2549 2342 2630 expugnatione
2544 2551 2547 2632 ἵ

458 2660 582 2696 nam
634 2638 829 2699 semel
886 2638 1265 2718 desperavit.
1361 2640 1506 2701 Non
1567 2638 1766 2719 igitur
1809 2639 2114 2718 exiguam
2170 2657 2333 2700 -eam

454 2724 826 2804 putabimus
872 2725 1498 2789 commendationem
1511 2776 1526 2804 ,
1589 2726 1766 2808 quod
1810 2733 1948 2790 tam
1992 2726 2345 2809 opulentae

458 2811 840 2892 reipublicae
886 2833 961 2875 ac
1006 2814 1257 2894 potenti
1303 2835 1574 2896 regnum
1617 2816 1817 2882 Israel
1861 2821 2211 2897 comparat.

646 2893 804 2964 ⁸Sed
838 2901 947 2966 hic
978 2902 1172 2981 disce,
1222 2911 1466 2984 quanta
1493 2904 1838 2968 hominum
1868 2904 1954 2968 sit
1983 2904 2343 2981 calamitas,

458 3012 614 3072 aluus
661 2991 821 3056 deus
873 2992 1054 3054 omni
1114 3012 1346 3073 genere
1405 2993 1864 3057 beneficiorum
1923 2998 2208 3069 ornarat,
2267 2999 2350 3060 ut

458 3080 779 3160 fnulvucati
822 3080 946 3144 hoc
989 3081 1185 3144 modo
1208 3131 1221 3158 ,
1279 3088 1346 3144 et
1386 3083 1655 3148 revereri
1701 3102 1851 3145 eum
1896 3087 1962 3145 et
2006 3100 2222 3144 amare
2269 3100 2350 3143 ac

458 3189 674 3252 ferrer-e
730 3169 865 3232 eius
933 3170 1127 3233 verbo
1172 3170 1492 3236 discerent
1508 3221 1522 3248 ,
1599 3170 1674 3247 hi
1732 3171 1920 3251 quasi
1986 3169 2350 3233 dementati

458 3264 717 3320 fortuna
757 3264 837 3323 et
889 3277 1186 3322 successu
1239 3265 1453 3336 tanto,
1514 3260 1710 3322 deum
1766 3264 1853 3322 et
1876 3258 2146 3323 verbum
2183 3257 2348 3320 0eius
2542 3215 2547 3301 1

466 3347 960 3412 mzmtemnebant
1016 3348 1437 3430 pertinacius,
1502 3355 1566 3412 et
1617 3347 1930 3412 beneficia
1981 3346 2105 3425 ista
2161 3352 2316 3427 put*

462 3596 630 3644 dmm
646 3520 698 3590 ¹>
736 3521 944 3576 Matth·
977 3521 1064 3575 31·
1139 3521 1196 3591 2)
1234 3521 1488 3578 Mundus
1525 3521 1783 3583 abutitur
1806 3521 1975 3577 donis
2011 3519 2106 3588 dei
2144 3524 2280 3574 cont
2545 3592 2547 3640 A

642 3748 690 3819 *)
728 3751 803 3805 In
837 3767 1012 3818 marg.
1052 3752 1175 3808 coll.
1213 3753 1366 3807 len.:
1421 3755 1622 3824 Tyrus.
