2575 4225
386 714 775 802 recantantur.

14 1000 16 1077 ξ
101 963 180 1066 Ad
208 1003 275 1065 hoe
297 1020 400 1083 nsque
423 1008 553 1083 tempus
581 1008 645 1065 tres
668 1004 896 1067 tantummodo
918 1006 1052 1069 Lutheri

102 1091 329 1155 enarrationes
340 1092 375 1153 in
387 1090 503 1154 Ossam
515 1092 707 1173 prophetam
724 1093 910 1171 habuimus,
926 1094 967 1157 de
982 1098 1050 1175 qui·

101 1180 165 1243 hus
177 1182 219 1243 D.
236 1180 403 1243 Walchius
414 1180 450 1242 in
462 1180 658 1243 collectionis
676 1198 754 1245 suae
772 1200 907 1262 operum
918 1181 1051 1247 Lutheri

14 1266 21 1355 J·
102 1276 194 1333 tomo
211 1268 271 1333 VI.
288 1286 321 1350 p.
341 1268 481 1332 15-19.
506 1266 668 1350 copiosius
691 1269 828 1335 disserit.
879 1269 959 1348 ..aab
973 1273 1050 1355 erite,

102 1357 215 1437 inquit
228 1353 415 1443 [balapus]
428 1357 503 1440 tube
516 1355 1051 1443 tnnnbnpartbabattiroptetnr

14 1446 16 1473 ¹
102 1444 242 1532 edeam,
257 1445 353 1527 msice
367 1442 505 1527 betete
519 1462 553 1528 tn
567 1444 743 1530 tanmem
755 1445 853 1512 1526.
869 1454 1051 1533 cannam

14 1520 16 1553 '
102 1536 160 1601 snb
184 1533 230 1601 bie
253 1533 364 1617 bisunt
385 1533 599 1617 inlotcbttber
614 1534 744 1618 &none
765 1542 849 1603 nter
870 1539 934 1604 tem
949 1536 1049 1605 itale

14 1628 16 1699 s
103 1624 145 1685 in.
181 1625 303 1687 Oseam
346 1625 538 1706 prophetam
582 1626 808 1689 annotationes
852 1646 872 1688 a
909 1627 1049 1691 Martino

14 1710 17 1773 l
104 1714 249 1777 Luthero
272 1712 524 1793 Vuittenbergae
552 1715 730 1795 praelectae
753 1734 840 1777 anno
861 1716 1048 1779 MDXXVI.

14 1842 16 1861 .
104 1800 136 1868 tn
151 1800 403 1885 charentaniam
412 1802 490 1883 batt
509 1801 541 1868 ta
558 1797 597 1865 8⁰
613 1817 677 1883 patr
691 1802 843 1884 tondent
857 1804 1046 1886 petommn.'‘

14 1930 16 1969 ᾗ
106 1890 177 1953 Hac
192 1891 230 1953 in
251 1909 285 1953 rc
308 1898 417 1955 eutem
432 1892 470 1953 D.
488 1891 655 1955 Walchius
676 1911 864 1973 omnesque,
888 1894 946 1973 qui
973 1914 1050 1956 eum

108 1980 210 2043 secuti
234 1986 326 2056 sunt,
350 1981 386 2041 in
409 1998 513 2043 errore
536 1986 713 2044 versantur.
759 1982 836 2045 Post
857 1982 1050 2045 vocabulum

14 2072 18 2150 ξ
112 2066 308 2150 ,praelectae⁴
339 2074 498 2150 punctum
527 2069 717 2151 ponendum
746 2074 804 2134 est.
851 2071 939 2133 Anni
962 2070 1050 2134 enim

14 2191 16 2250 ἰ
108 2157 274 2222 denotatio
289 2159 325 2220 in
336 2159 401 2220 fine
410 2158 630 2240 inscriptionis
645 2158 746 2222 huius
759 2159 861 2242 libelli
877 2161 1050 2243 conspicua

14 2303 16 2328 ,
108 2265 172 2308 non
195 2247 238 2308 de
261 2253 404 2328 tempore
427 2248 652 2328 praelectionis
674 2248 938 2329 Vuittembergae
960 2251 1048 2313 insti-

14 2376 15 2386 .
108 2340 212 2412 tutae,
250 2335 306 2398 sed
341 2335 381 2398 de
404 2342 573 2418 tempore,
610 2355 675 2417 quo
710 2337 852 2400 Thomas
887 2338 1050 2400 Vuolffius

108 2422 299 2487 Basileensis
311 2424 488 2488 editionem
499 2425 725 2507 praelectionis
733 2425 919 2502 instituerit,
935 2426 1049 2489 intelli·

110 2510 214 2591 ganda
237 2520 294 2576 est.
341 2513 516 2576 Notissima
538 2533 588 2576 res
611 2514 688 2590 fuit,
713 2534 816 2594 quum
838 2515 899 2577 iste
922 2515 1050 2578 libellus

109 2599 142 2662 in
163 2601 272 2664 lucem
291 2601 442 2682 prodiret,
466 2603 644 2666 Lutherum
668 2601 710 2666 ad
732 2621 837 2666 unum
852 2622 965 2666 omnes
980 2623 1048 2685 pro

14 2709 16 2762 l
111 2689 224 2768 phetas
247 2690 388 2754 minores
411 2690 613 2755 auditoribus
636 2691 704 2755 suis
726 2692 950 2773 explanavisse
972 2692 1050 2756 inde

14 2765 27 2830 ἶ
110 2796 128 2838 a
164 2779 249 2842 festo
286 2779 427 2842 Paschae
469 2779 656 2842 MDXXIV.
699 2799 803 2861 usque
847 2780 889 2843 ad
927 2779 1050 2844 Pascha

14 2917 16 2958 ³
110 2865 295 2930 MDXXVI.
342 2868 451 2930 linita
473 2869 535 2931 hac
557 2869 772 2950 praelectione
794 2869 959 2933 studiosus
981 2871 1048 2950 qui·

110 2953 183 3018 dam
205 2957 398 3020 Basileensis
420 2957 457 3018 in
476 2957 619 3037 patriam
641 2957 774 3021 rediisse
796 2958 933 3034 videtur,
957 2959 1049 3021 cuius

14 3039 17 3110 t
111 3044 742 3126 scholasinauditorioVuittembergensi
750 3053 900 3128 exceptas
908 3046 1049 3109 'l'httmas

14 3135 17 3204 i
111 3130 269 3198 Vuolffius
295 3135 518 3216 typographus
546 3135 598 3198 edi
626 3136 792 3200 curaverit.
838 3135 966 3216 incepit
986 3136 1077 3198 hoo‘

14 3247 18 3280 ι
111 3239 189 3300 opus
217 3222 282 3286 sibi
308 3223 509 3304 propositum
540 3225 684 3305 primum
706 3225 821 3287 Oseam
844 3230 1047 3300 tractaturus,

14 3326 16 3364 t
111 3307 165 3372 sed
186 3329 254 3374 non
278 3311 487 3376 continuavit.
533 3307 603 3375 Has
622 3313 760 3377 'scholas
790 3313 832 3376 ad
860 3313 923 3376 hoc
944 3329 1049 3392 usqne

142 3419 145 3450 ι
172 3397 241 3462 dixi
264 3405 393 3481 tempus
416 3401 554 3482 primas,
585 3414 679 3482 quae
704 3402 798 3466 nobis
827 3402 1055 3478 innotuerunt,-

14 3547 16 3558 ,
150 3484 271 3552 ximus.

195 3580 292 3640 Anno
307 3583 416 3641 annm
428 3573 750 3642 MDOOOLXXXIH.
775 3580 931 3660 Georgius
945 3580 1047 3642 Buch-

146 3664 243 3744 tldus,
277 3687 318 3731 ss.
349 3667 395 3730 th.
419 3667 489 3744 lic,
521 3668 600 3750 phil.
630 3668 750 3745 doctor,
779 3669 907 3732 scholae
928 3669 1048 3732 latinae

150 3755 302 3835 'gneensis
325 3755 477 3836 magister
499 3757 534 3818 in
556 3755 754 3820 bibliotheca
776 3757 936 3821 senatoria
951 3757 1047 3837 Gym-

420 3875 422 3880 ,
849 3861 886 3913 1·
