2575 4225
202 247 245 310 58
544 244 649 326 Caput
671 262 795 307 nonum

202 423 452 577 tantumoeabest
479 428 516 489 ut
544 421 675 505 possitis
704 421 770 484 illic
799 420 975 488 sacrificare
1004 426 1037 484 et
1060 422 1144 488 fecta

199 532 294 594 agore
318 532 335 575 e
371 560 376 575 .

534 689 703 752 Venerunt
725 681 803 752 οῖο.ι

198 796 237 875 tc
259 792 324 878 tritt
347 804 378 861 et
401 794 466 879 roi-tt
487 793 532 862 ein
554 796 635 877 matt
658 794 759 877 bertolt
780 794 890 861 metten
912 802 971 859 otc.

613 991 732 1055 Scitote

200 1098 256 1161 hic
287 1104 394 1163 textus
426 1104 475 1163 est
504 1100 676 1175 obscurus,
711 1100 900 1180 interpretes
934 1096 1000 1177 scut)
1032 1086 1145 1162 obscu-

201 1188 308 1251 riores.
356 1188 401 1253 sic
425 1207 566 1269 expono,
597 1188 719 1250 scilicet
747 1195 825 1251 tuno
859 1187 1041 1272 cognoscite
1068 1208 1146 1251 cum

199 1276 348 1340 venerint
369 1277 424 1339 isti
447 1276 516 1339 dies
540 1283 598 1339 cto.
634 1282 704 1341 tuest
723 1275 768 1342 irs
789 1274 874 1343 {tmen
888 1276 1006 1355 metten,
1029 1276 1145 1340 idest:

201 1371 281 1427 tunc
308 1372 500 1445 cognoscent
522 1364 724 1442 Israhelitae,
754 1373 816 1431 mot
845 1363 884 1447 ἰώ
911 1379 963 1432 nor
990 1363 1035 1431 ein
1061 1363 1146 1430 totlet

77 1496 82 1503 ⁴
201 1450 349 1534 restitutor
370 1452 486 1536 prophet
507 1452 633 1538 genetur
655 1452 713 1520 bin.
796 1511 804 1525 .

540 1643 797 1731 Speculatorem²

203 1754 376 1835 legendum
400 1762 458 1819 etc.
476 1764 534 1827 etc.
567 1758 689 1820 sufficet
711 1758 917 1837 cognoscetis.
964 1759 1031 1820 Vos
1054 1757 1144 1820 dam·

203 1846 289 1907 natis
304 1847 478 1927 prophetes
494 1866 592 1923 meos,
617 1847 702 1909 viros
725 1846 796 1928 pios
819 1853 852 1909 et
866 1852 1002 1923 sanctos,
1027 1845 1145 1927 muffien

202 1949 267 1999 suet
287 1950 391 2001 nattes
413 1932 477 2014 teis,
502 1936 579 2014 quic
603 1935 717 1998 odistis
733 1955 795 1998 eos.
842 1936 950 1999 Verba
972 1942 1049 1999 sunt
1071 1956 1143 2000 oon·

203 2023 371 2087 tumeliose
402 2022 488 2087 dicta
515 2044 535 2085 a
557 2025 677 2106 populo
705 2025 741 2085 in
769 2025 954 2105 prophetas:
986 2060 1029 2069 -
1053 2046 1084 2105 q.
1109 2025 1142 2087 d.

203 2120 282 2177 tuuc
304 2113 467 2176 insultabo
490 2120 522 2176 et
545 2134 619 2194 ege,
652 2120 724 2177 tum
754 2113 904 2179 videbitis
934 2122 998 2180 mot
1025 2112 1063 2194 td)
1092 2127 1145 2180 not

204 2199 249 2266 ein
276 2215 329 2266 nst
357 2198 407 2265 bin
435 2199 560 2283 penufius
582 2209 640 2266 etc.
688 2204 761 2266 Non
790 2204 896 2284 placet
918 2204 1006 2289 quod
1029 2203 1145 2268 dicunt

204 2290 258 2352 hic
280 2288 407 2365 Iudaei,
439 2289 517 2369 quia
545 2291 612 2353 iam
639 2292 763 2355 habent
790 2292 888 2355 falsos
911 2294 1084 2375 prophetas
1106 2293 1144 2355 in

203 2377 347 2441 vindicta
376 2384 487 2441 contra
521 2399 601 2459 quos
630 2380 728 2444 Oreas
762 2382 942 2462 prophetat.
1000 2381 1144 2444 scortum

202 2468 292 2530 hunc
315 2467 435 2530 scilicet
454 2488 507 2530 me
529 2471 586 2549 qui
601 2489 696 2550 cogor
711 2489 780 2532 esse
796 2471 912 2532 stultus
928 2475 986 2533 etc.
1012 2476 1144 2551 propter

202 2555 410 2636 iniquitatem
426 2564 565 2620 vestram
577 2559 635 2639 {In
647 2579 764 2640 marg.:
783 2558 904 2623 scilicet
919 2579 1018 2640 quam
1030 2557 1140 2639 arguo]

203 2644 245 2705 ad
269 2644 414 2720 stultum,
439 2666 505 2708 non
529 2647 570 2710 cd
593 2647 728 2710 verbum
752 2647 982 2726 cognoscendi,
1011 2655 1144 2729 propter

200 2737 370 2814 peccatum
392 2740 535 2796 vestrum
564 2735 633 2815 mut
655 2733 693 2814 ἰὼ
717 2737 834 2798 stultus
861 2733 926 2816 Ῑοίη.
972 2737 1142 2818 prophete,

200 2818 268 2902 autb
291 2822 559 2886 contumeliosum
582 2825 717 2888 verbum
740 2825 927 2905 amphibola
948 2845 1012 2888 vox
1034 2830 1083 2888 est
1105 2825 1144 2888 in

199 2910 365 2986 honorem,
390 2911 478 2991 quod
501 2933 586 2989 raro,
612 2919 644 2975 ct
667 2914 702 2976 in
725 2913 969 2990 contumeliam,
993 2919 1031 2976 ut
1053 2933 1143 2977 nunc

200 3000 246 3062 fit.
295 2999 347 3064 Sic
369 3001 522 3064 insanum
552 3003 604 3066 vel
626 3001 802 3077 furiosum,
834 3003 941 3066 virum
963 3002 1067 3078 venti,
1097 3001 1145 3068 οἰῐι
1242 3053 1247 3059 „

200 3104 271 3154 mon
285 3089 333 3154 ter
348 3087 402 3155 mit
416 3089 497 3169 [ntes
512 3088 639 3174 tettsqen
655 3091 720 3156 ont
736 3090 831 3175 oeten
866 3091 950 3154 sicut
963 3090 1140 3172 virgtilimJ

200 3181 335 3239 ventosa
356 3179 481 3257 lingua,
506 3181 555 3243 vir
577 3186 730 3243 ventosus
753 3179 819 3242 dici
840 3186 956 3262 potest.
1004 3179 1056 3242 Sic
1078 3181 1144 3243 hoo

200 3265 289 3345 quod
312 3265 465 3345 sequitur.
512 3268 750 3349 Speculatorem
766 3275 825 3332 etc.
849 3270 960 3332 omnin
979 3270 1016 3331 in
1037 3267 1144 3332 activo

200 3360 250 3416 est
264 3357 376 3418 'bonae
400 3355 643 3434 significationis
666 3357 702 3418 in
724 3357 882 3439 scripturn
902 3365 941 3422 ut
962 3358 998 3420 in
1021 3358 1141 3420 Erech:

200 3444 389 3570 {piscopum
401 3463 520 3524 graece,
534 3445 853 3527 superintendentem
861 3444 982 3527 mentes,
994 3444 1144 3529 uuffieljett

208 3535 352 3616 supple:
840 3550 843 3556 '

269 3683 272 3692 ¹
292 3725 319 3792 1)
338 3742 364 3780 v.
385 3725 408 3778 7.
446 3725 474 3794 η)
492 3743 518 3781 v.
538 3727 563 3780 s.
599 3727 627 3794 e)
647 3726 753 3795 Incipit
771 3727 818 3781 ror.
839 3724 899 3780 124.
909 3726 943 3780 A.
956 3687 1066 3789 usco
