2575 4225
442 290 568 353 Hoseae
591 291 776 374 prophetae.
1014 292 1080 357 305

136 470 211 533 Non
235 467 324 531 enim
345 465 438 531 audit
460 486 542 548 quae
565 466 606 530 de
635 469 717 533 veris
747 467 887 533 cultibus
916 469 996 533 deus
1024 490 1082 553 per

13 542 14 570 ³
136 558 314 641 prophetas
337 556 504 633 admonet,
533 554 660 637 quaerit
681 558 746 620 alia
767 558 914 622 cultuum
936 560 1019 636 loca,
1044 580 1092 647 ac

13 630 14 681 3
137 646 300 729 templum
322 646 625 725 ierosolymitanum
648 646 774 710 deserit.

13 735 14 767 ⁴
230 735 320 809 Quae
344 740 453 798 autem
476 740 629 815 sequetur
650 736 780 816 mena?
802 736 892 799 Haec
915 735 1080 815 nimirum,

13 825 14 880 ζ
138 827 178 888 nt
200 828 285 887 erret
306 818 390 887 sicut
413 843 516 903 agnus
530 824 566 885 in
581 826 671 887 vasto
686 825 765 901 loco,
789 825 851 889 hoc
866 830 924 902 ast,
948 832 985 890 ut
999 827 1083 890 inter

13 915 14 948 ἒ
140 919 253 994 gentes
277 912 320 976 sit
342 912 412 975 sine
434 912 532 975 verbo
554 918 587 975 et
609 913 699 975 cultu
722 913 783 976 dei.
830 913 965 977 Perinde
989 936 1026 978 ac
1055 916 1083 979 si

140 1002 240 1066 hodie
262 999 459 1065 concinnens
482 1001 636 1083 papistis:
665 1002 894 1065 Admonemini
916 1004 1023 1081 verbo,
1047 1010 1085 1068 nt

13 1099 17 1142 ῖ
124 1090 308 1170 vcorrigatis
336 1090 472 1167 abusus,
503 1095 541 1153 ut
570 1096 808 1154 sacramentum
837 1091 1007 1173 porrigatis
1036 1094 1082 1155 in·

13 1225 14 1228 ,
141 1186 287 1261 tegrum,
315 1184 354 1240 ut
375 1178 491 1242 vivatis
514 1179 550 1240 in
574 1184 684 1243 sancto
715 1179 865 1259 coniugio
895 1180 965 1243 sine
996 1200 1082 1244 scan-

13 1277 14 1326 ἕ
140 1268 217 1331 dalo
241 1268 457 1332 ecclesiarum.
503 1267 567 1330 Sed
589 1268 756 1348 quianon
771 1268 868 1333 vultis
884 1269 1084 1349 acquiescere

13 1373 14 1407 1
142 1358 195 1420 his
217 1356 367 1432 monitis,
397 1356 466 1432 fiet,
497 1363 535 1420 ut
556 1357 592 1419 in
615 1356 768 1420 abusibus
791 1357 862 1421 istis
889 1358 1083 1436 moriamini,

13 1475 14 1478 ¹
142 1447 214 1509 sine
237 1451 451 1521 sacramento,
482 1445 553 1507 sine
582 1446 694 1523 verbe,
725 1446 794 1509 sine
818 1446 954 1510 Christo.
1000 1450 1085 1528 Agni

13 1573 14 1612 3
140 1535 180 1597 in
202 1534 328 1598 deserto
351 1533 563 1597 similitudine
585 1534 658 1597 ideo
682 1536 875 1617 prophetam
896 1536 1004 1601 iudico
1026 1538 1084 1614 uti,

142 1623 223 1705 quia
245 1622 327 1685 nihil
355 1623 571 1686 calamitosius
600 1630 649 1687 cst
678 1643 776 1703 agno,
808 1644 883 1687 cum
914 1625 1086 1690 destitutus

13 1735 14 1782 ff
142 1719 194 1776 est
216 1718 353 1793 pastore.
400 1711 576 1793 Expositus
599 1713 687 1774 enim
710 1718 759 1776 est
773 1712 909 1777 infinitis
924 1715 1084 1795 periculis,

142 1802 187 1864 ad
210 1820 295 1881 quae
317 1800 508 1882 depellenda
536 1800 672 1863 minime
701 1806 750 1864 est
769 1801 964 1871 instructus.
1009 1802 1087 1867 ideo

12 1943 16 1994 i
142 1890 292 1953 Christus
315 1908 445 1969 quoquc
467 1889 680 1953 similitudine
706 1890 782 1970 agni
809 1892 958 1965 errantis,
973 1890 1085 1968 utitur,

142 1999 222 2043 cum
244 1984 449 2060 peccatorum
471 1979 623 2041 miseram
645 1978 866 2042 conditionem
888 1979 958 2043 vult
984 1986 1085 2044 osten·

143 2068 235 2145 dere,
271 2074 304 2131 et
331 2086 424 2131 suam
450 2086 526 2148 erga
553 2087 607 2150 eos
637 2067 791 2131 eximiam
819 2068 1085 2134 benevolentiam.

235 2160 283 2220 Ac
305 2157 367 2220 hoc
389 2157 425 2218 in
446 2157 517 2219 looo
545 2157 744 2238 promittitur
771 2169 845 2240 spes
866 2157 996 2240 aliqua,
1028 2160 1088 2223 etsi

13 2222 16 2305 ².
145 2245 236 2310 enim
259 2252 382 2309 certum
404 2251 466 2321 est,
494 2246 580 2309 hano
602 2266 696 2311 ovem
718 2246 754 2308 in
780 2247 905 2312 deserto
936 2253 970 2312 et
997 2254 1088 2312 vasto

13 2330 16 2381 l
144 2336 215 2400 loco
238 2333 451 2418 pascendam,
480 2340 590 2398 tamen
613 2334 743 2398 additur
766 2337 958 2430 consolati0,
989 2337 1087 2400 domi·

13 2428 15 2470 i
145 2445 227 2488 num
251 2444 324 2486 eam
346 2429 525 2506 pasturum.
931 2435 933 2440 ’

191 2565 394 2629 Adiunxit
409 2585 449 2656 se
464 2563 582 2632 idolis
599 2564 803 2647 Ephraim,
821 2564 978 2629 dimitte
995 2585 1087 2630 eum.

147 2706 255 2818 Haec
279 2715 328 2771 est
355 2707 517 2810 conclusio
547 2707 709 2810 concionis
739 2713 808 2770 tam
836 2708 965 2813 longae
1008 2709 1114 2808 Quia

219 2798 321 2861 Israel
347 2798 389 2860 ab
415 2796 510 2859 rdohs
540 2795 634 2859 avelh
662 2816 729 2859 non
760 2799 879 2878 potest,
910 2799 1092 2878 relinquam

13 2936 21 2956 ,
148 2906 225 2950 eum
263 2886 414 2966 gentibus
451 2883 660 2961 vastandum,
707 2885 791 2948 sicut
828 2905 926 2966 supra
963 2907 1092 2966 quoqne
1203 2904 1206 2909 ·

13 2976 14 3009 ³
148 2975 248 3038 dixit:
274 2976 347 3037 Non
369 2973 506 3037 visitabo
530 2993 627 3055 super
650 2972 732 3035 filias
755 2979 885 3036 vestras.
971 3017 975 3023 -

240 3062 460 3139 Vocabulum,
491 3083 555 3142 quo
583 3061 670 3124 idola
696 3061 751 3124 hic
782 3061 938 3143 appellat,
973 3081 1093 3124 nomen

148 3153 251 3216 habet
273 3154 314 3215 ab
338 3153 509 3214 aerumnis.
556 3151 629 3213 Non
652 3151 757 3213 solum
781 3151 868 3212 enim
885 3149 1094 3213 idolatrarum

150 3242 218 3305 vita
240 3261 433 3304 aerumnosa
455 3246 521 3317 est,
551 3239 637 3318 qu'od
662 3239 788 3301 nullum
818 3239 880 3302 sibi
907 3239 1095 3318 relinquunt

149 3331 260 3393 ocium
283 3349 343 3393 nec
366 3330 518 3409 quietem,
543 3328 600 3391 sed
623 3333 709 3390 certa
732 3327 897 3391 calamitas
912 3327 1095 3391 idolatriam

180 3419 309 3498 equitur.

240 3578 342 3642 oede
370 3578 653 3660 crapulantur,
688 3575 942 3639 fornicantur
969 3577 1096 3658 turpi·

257 3673 332 3743 ter,
356 3667 563 3749 principes
587 3685 721 3728 eorum
747 3666 1010 3728 vehementer
1032 3665 1097 3727 de-

200 3755 403 3820 lectantur
425 3755 681 3831 confusione,
704 3754 855 3833 ligabit
876 3755 1012 3834 igitur
1034 3773 1098 3817 eos

196 3869 285 3910 Latheri
298 3879 347 3918 opp.
361 3871 444 3917 exeget.
471 3867 519 3908 Vol
536 3868 613 3908 mv.
902 3874 938 3929 20
