<?xml version="1.0" encoding="UTF-8"?>
<!DOCTYPE html PUBLIC "-//W3C//DTD XHTML 1.0 Transitional//EN"
    "http://www.w3.org/TR/xhtml1/DTD/xhtml1-transitional.dtd">
<html xmlns="http://www.w3.org/1999/xhtml" xml:lang="en" lang="en">
 <head>
  <title>
</title>
<meta http-equiv="Content-Type" content="text/html;charset=utf-8" />
  <meta name='ocr-system' content='tesseract 3.04.00' />
  <meta name='ocr-capabilities' content='ocr_page ocr_carea ocr_par ocr_line ocrx_word'/>
</head>
<body>
  <div class='ocr_page' id='page_1' title='image "./exegeticaoperal13luthgoog_0423.png"; bbox 0 0 2575 4225; ppageno 0'>
   <div class='ocr_carea' id='block_1_1' title="bbox 214 271 832 353">
    <p class='ocr_par' dir='ltr' id='par_1_1' title="bbox 214 271 832 353">
     <span class='ocr_line' id='line_1_1' title="bbox 214 271 832 353; baseline 0 -18"><span class='ocrx_word' id='word_1_1' title='bbox 214 274 280 336; x_wconf 78' lang='lat'>412</span> <span class='ocrx_word' id='word_1_2' title='bbox 542 271 647 353; x_wconf 89' lang='lat' dir='ltr'>Caput</span> <span class='ocrx_word' id='word_1_3' title='bbox 668 272 832 335; x_wconf 89' lang='lat' dir='ltr'>decimum</span> 
     </span>
    </p>
   </div>
   <div class='ocr_carea' id='block_1_2' title="bbox 211 448 1164 1599">
    <p class='ocr_par' dir='ltr' id='par_1_2' title="bbox 211 448 1161 712">
     <span class='ocr_line' id='line_1_2' title="bbox 302 448 1159 532; baseline -0.001 -18"><span class='ocrx_word' id='word_1_4' title='bbox 302 452 375 515; x_wconf 89' lang='lat' dir='ltr'>Non</span> <span class='ocrx_word' id='word_1_5' title='bbox 404 450 510 514; x_wconf 83' lang='lat' dir='ltr'>solum</span> <span class='ocrx_word' id='word_1_6' title='bbox 537 451 637 530; x_wconf 87' lang='lat' dir='ltr'>igitur</span> <span class='ocrx_word' id='word_1_7' title='bbox 662 448 825 532; x_wconf 85' lang='lat' dir='ltr'>praeclara</span> <span class='ocrx_word' id='word_1_8' title='bbox 854 449 934 512; x_wconf 89' lang='lat' dir='ltr'>haec</span> <span class='ocrx_word' id='word_1_9' title='bbox 964 448 1159 527; x_wconf 79' lang='lat' dir='ltr'><strong>admonitio,</strong></span> 
     </span>
     <span class='ocr_line' id='line_1_3' title="bbox 214 539 1161 619; baseline -0.004 -14"><span class='ocrx_word' id='word_1_10' title='bbox 214 541 270 605; x_wconf 82' lang='lat' dir='ltr'>sed</span> <span class='ocrx_word' id='word_1_11' title='bbox 293 541 392 603; x_wconf 88' lang='lat' dir='ltr'>etiam</span> <span class='ocrx_word' id='word_1_12' title='bbox 414 540 504 603; x_wconf 83' lang='lat' dir='ltr'>utilio</span> <span class='ocrx_word' id='word_1_13' title='bbox 527 539 673 603; x_wconf 91' lang='lat' dir='ltr'>doctrina</span> <span class='ocrx_word' id='word_1_14' title='bbox 695 545 752 615; x_wconf 83' lang='lat' dir='ltr'>eet,</span> <span class='ocrx_word' id='word_1_15' title='bbox 780 558 864 619; x_wconf 87' lang='lat' dir='ltr'>quae</span> <span class='ocrx_word' id='word_1_16' title='bbox 886 539 1011 603; x_wconf 88' lang='lat' dir='ltr'>cultum</span> <span class='ocrx_word' id='word_1_17' title='bbox 1034 540 1161 603; x_wconf 79' lang='lat' dir='ltr'>deicio</span> 
     </span>
     <span class='ocr_line' id='line_1_4' title="bbox 211 628 466 712; baseline -0.004 -21"><span class='ocrx_word' id='word_1_18' title='bbox 211 649 293 712; x_wconf 90' lang='lat' dir='ltr'>pure</span> <span class='ocrx_word' id='word_1_19' title='bbox 315 628 466 692; x_wconf 82' lang='lat' dir='ltr'>ostendit.</span> 
     </span>
    </p>

    <p class='ocr_par' dir='ltr' id='par_1_3' title="bbox 213 716 1164 1599">
     <span class='ocr_line' id='line_1_5' title="bbox 303 716 1160 791; baseline -0.001 -11"><span class='ocrx_word' id='word_1_20' title='bbox 303 716 366 780; x_wconf 86' lang='lat' dir='ltr'>Sed</span> <span class='ocrx_word' id='word_1_21' title='bbox 392 736 449 779; x_wconf 91' lang='lat' dir='ltr'>our</span> <span class='ocrx_word' id='word_1_22' title='bbox 483 716 589 781; x_wconf 89' lang='lat' dir='ltr'>addit:</span> <span class='ocrx_word' id='word_1_23' title='bbox 625 718 723 781; x_wconf 86' lang='lat' dir='ltr'>Arate</span> <span class='ocrx_word' id='word_1_24' title='bbox 753 716 844 781; x_wconf 80' lang='lat' dir='ltr'>vobis</span> <span class='ocrx_word' id='word_1_25' title='bbox 879 717 1016 780; x_wconf 80' lang='lat' dir='ltr'>sedulo?</span> <span class='ocrx_word' id='word_1_26' title='bbox 1063 716 1160 791; x_wconf 82' lang='lat' dir='ltr'>Quod</span> 
     </span>
     <span class='ocr_line' id='line_1_6' title="bbox 214 806 1162 887; baseline 0 -18"><span class='ocrx_word' id='word_1_27' title='bbox 214 806 256 869; x_wconf 83' lang='lat' dir='ltr'>ad</span> <span class='ocrx_word' id='word_1_28' title='bbox 290 806 534 887; x_wconf 86' lang='lat' dir='ltr'>grammaticam</span> <span class='ocrx_word' id='word_1_29' title='bbox 568 806 699 882; x_wconf 77' lang='lat' dir='ltr'>attinet,</span> <span class='ocrx_word' id='word_1_30' title='bbox 740 806 842 869; x_wconf 90' lang='lat' dir='ltr'>utitur</span> <span class='ocrx_word' id='word_1_31' title='bbox 877 806 1013 870; x_wconf 91' lang='lat' dir='ltr'>totidem</span> <span class='ocrx_word' id='word_1_32' title='bbox 1051 806 1162 870; x_wconf 79' lang='lat' dir='ltr'>verbis</span> 
     </span>
     <span class='ocr_line' id='line_1_7' title="bbox 213 890 1161 975; baseline -0.001 -17"><span class='ocrx_word' id='word_1_33' title='bbox 213 896 291 959; x_wconf 89' lang='lat' dir='ltr'>Iere.</span> <span class='ocrx_word' id='word_1_34' title='bbox 323 890 445 958; x_wconf 80' lang='grc' dir='ltr'>00,·4.ι</span> <span class='ocrx_word' id='word_1_35' title='bbox 482 915 557 957; x_wconf 92' lang='lat' dir='ltr'>oum</span> <span class='ocrx_word' id='word_1_36' title='bbox 591 896 799 958; x_wconf 89' lang='lat' dir='ltr'>concionatur</span> <span class='ocrx_word' id='word_1_37' title='bbox 828 894 869 957; x_wconf 92' lang='lat' dir='ltr'>de</span> <span class='ocrx_word' id='word_1_38' title='bbox 902 915 1000 975; x_wconf 87' lang='lat' dir='ltr'>regno</span> <span class='ocrx_word' id='word_1_39' title='bbox 1028 894 1161 972; x_wconf 77' lang='lat' dir='ltr'>Christi,</span> 
     </span>
     <span class='ocr_line' id='line_1_8' title="bbox 217 982 1162 1061; baseline -0.001 -14"><span class='ocrx_word' id='word_1_40' title='bbox 217 985 307 1061; x_wconf 86' lang='lat' dir='ltr'>‚Niru</span> <span class='ocrx_word' id='word_1_41' title='bbox 329 985 455 1047; x_wconf 84' lang='lat' dir='ltr'>lachem</span> <span class='ocrx_word' id='word_1_42' title='bbox 478 982 539 1047; x_wconf 90' lang='lat' dir='ltr'>nir‘</span> <span class='ocrx_word' id='word_1_43' title='bbox 563 989 651 1046; x_wconf 86' lang='lat' dir='ltr'>arato</span> <span class='ocrx_word' id='word_1_44' title='bbox 673 984 765 1048; x_wconf 81' lang='lat' dir='ltr'>vobis</span> <span class='ocrx_word' id='word_1_45' title='bbox 789 983 974 1061; x_wconf 88' lang='lat' dir='ltr'>arationem,</span> <span class='ocrx_word' id='word_1_46' title='bbox 1003 989 1036 1046; x_wconf 90' lang='lat' dir='ltr'>et</span> <span class='ocrx_word' id='word_1_47' title='bbox 1059 984 1162 1047; x_wconf 87' lang='lat' dir='ltr'>nolite</span> 
     </span>
     <span class='ocr_line' id='line_1_9' title="bbox 216 1072 1160 1155; baseline -0.001 -18"><span class='ocrx_word' id='word_1_48' title='bbox 216 1074 374 1137; x_wconf 86' lang='lat' dir='ltr'>seminare</span> <span class='ocrx_word' id='word_1_49' title='bbox 396 1074 432 1136; x_wconf 94' lang='lat' dir='ltr'>in</span> <span class='ocrx_word' id='word_1_50' title='bbox 455 1073 575 1155; x_wconf 85' lang='grc'>001000.</span> <span class='ocrx_word' id='word_1_51' title='bbox 622 1074 787 1136; x_wconf 82' lang='lat' dir='ltr'>Ueitatum</span> <span class='ocrx_word' id='word_1_52' title='bbox 810 1080 919 1138; x_wconf 87' lang='lat' dir='ltr'>autem</span> <span class='ocrx_word' id='word_1_53' title='bbox 942 1072 1076 1137; x_wconf 80' lang='lat' dir='ltr'>Ebraeie</span> <span class='ocrx_word' id='word_1_54' title='bbox 1100 1079 1160 1149; x_wconf 81' lang='lat' dir='ltr'>eat,</span> 
     </span>
     <span class='ocr_line' id='line_1_10' title="bbox 216 1162 1161 1243; baseline -0.001 -18"><span class='ocrx_word' id='word_1_55' title='bbox 216 1183 290 1226; x_wconf 91' lang='lat' dir='ltr'>cum</span> <span class='ocrx_word' id='word_1_56' title='bbox 314 1162 481 1243; x_wconf 86' lang='lat' dir='ltr'>geminant</span> <span class='ocrx_word' id='word_1_57' title='bbox 502 1181 605 1238; x_wconf 84' lang='lat' dir='ltr'>voees,</span> <span class='ocrx_word' id='word_1_58' title='bbox 630 1162 757 1225; x_wconf 88' lang='lat' dir='ltr'>intendi</span> <span class='ocrx_word' id='word_1_59' title='bbox 781 1162 1059 1241; x_wconf 83' lang='lat' dir='ltr'>significationem.</span> <span class='ocrx_word' id='word_1_60' title='bbox 1099 1163 1161 1225; x_wconf 91' lang='lat' dir='ltr'>Ita·</span> 
     </span>
     <span class='ocr_line' id='line_1_11' title="bbox 216 1251 1163 1332; baseline -0.001 -18"><span class='ocrx_word' id='word_1_61' title='bbox 216 1272 279 1332; x_wconf 90' lang='lat' dir='ltr'>que</span> <span class='ocrx_word' id='word_1_62' title='bbox 313 1253 469 1315; x_wconf 80' lang='lat' dir='ltr'>vertimus</span> <span class='ocrx_word' id='word_1_63' title='bbox 497 1271 555 1332; x_wconf 90' lang='lat' dir='ltr'>pro</span> <span class='ocrx_word' id='word_1_64' title='bbox 589 1251 702 1313; x_wconf 82' lang='lat' dir='ltr'>sedula</span> <span class='ocrx_word' id='word_1_65' title='bbox 736 1252 888 1314; x_wconf 88' lang='lat' dir='ltr'>aratione.</span> <span class='ocrx_word' id='word_1_66' title='bbox 939 1251 1163 1331; x_wconf 70' lang='lat' dir='ltr'>Hieronymus</span> 
     </span>
     <span class='ocr_line' id='line_1_12' title="bbox 218 1334 1164 1405; baseline 0.002 -4"><span class='ocrx_word' id='word_1_67' title='bbox 218 1341 310 1403; x_wconf 86' lang='lat' dir='ltr'>feeit:</span> <span class='ocrx_word' id='word_1_68' title='bbox 349 1341 505 1403; x_wconf 82' lang='lat' dir='ltr'>Innovate</span> <span class='ocrx_word' id='word_1_69' title='bbox 532 1339 625 1404; x_wconf 81' lang='lat' dir='ltr'>vobis</span> <span class='ocrx_word' id='word_1_70' title='bbox 653 1334 795 1405; x_wconf 77' lang='lat' dir='ltr'>novale.²</span> <span class='ocrx_word' id='word_1_71' title='bbox 845 1339 908 1403; x_wconf 82' lang='lat' dir='ltr'>Sed</span> <span class='ocrx_word' id='word_1_72' title='bbox 935 1338 1034 1403; x_wconf 91' lang='lat' dir='ltr'>etiam</span> <span class='ocrx_word' id='word_1_73' title='bbox 1064 1339 1164 1403; x_wconf 84' lang='grc'>01010</span> 
     </span>
     <span class='ocr_line' id='line_1_13' title="bbox 218 1428 1164 1510; baseline 0.001 -20"><span class='ocrx_word' id='word_1_74' title='bbox 218 1430 315 1507; x_wconf 80' lang='lat' dir='ltr'>legas,</span> <span class='ocrx_word' id='word_1_75' title='bbox 339 1434 450 1491; x_wconf 86' lang='lat' dir='ltr'>tamen</span> <span class='ocrx_word' id='word_1_76' title='bbox 472 1431 594 1491; x_wconf 77' lang='lat' dir='ltr'>manet‘</span> <span class='ocrx_word' id='word_1_77' title='bbox 605 1428 719 1492; x_wconf 87' lang='lat' dir='ltr'>eadem</span> <span class='ocrx_word' id='word_1_78' title='bbox 742 1430 911 1506; x_wconf 79' lang='lat' dir='ltr'>sententia,</span> <span class='ocrx_word' id='word_1_79' title='bbox 935 1449 1035 1510; x_wconf 91' lang='lat' dir='ltr'>quam</span> <span class='ocrx_word' id='word_1_80' title='bbox 1058 1434 1164 1493; x_wconf 79' lang='lat' dir='ltr'>osten·</span> 
     </span>
     <span class='ocr_line' id='line_1_14' title="bbox 217 1516 1164 1599; baseline 0.003 -21"><span class='ocrx_word' id='word_1_81' title='bbox 217 1517 269 1578; x_wconf 94' lang='lat' dir='ltr'>dit</span> <span class='ocrx_word' id='word_1_82' title='bbox 281 1516 442 1593; x_wconf 74' lang='lat' dir='ltr'>Ieremias,</span> <span class='ocrx_word' id='word_1_83' title='bbox 464 1536 539 1579; x_wconf 91' lang='lat' dir='ltr'>cum</span> <span class='ocrx_word' id='word_1_84' title='bbox 554 1517 654 1594; x_wconf 86' lang='lat' dir='ltr'>addit,</span> <span class='ocrx_word' id='word_1_85' title='bbox 671 1538 737 1581; x_wconf 91' lang='lat' dir='ltr'>non</span> <span class='ocrx_word' id='word_1_86' title='bbox 753 1517 925 1581; x_wconf 87' lang='lat' dir='ltr'>serendum</span> <span class='ocrx_word' id='word_1_87' title='bbox 939 1519 1025 1581; x_wconf 88' lang='lat' dir='ltr'>inter</span> <span class='ocrx_word' id='word_1_88' title='bbox 1039 1518 1164 1599; x_wconf 77' lang='lat' dir='ltr'>spinae.</span> 
     </span>
    </p>
   </div>
   <div class='ocr_carea' id='block_1_3' title="bbox 218 1604 1275 2045">
    <p class='ocr_par' dir='ltr' id='par_1_4' title="bbox 218 1604 1275 2045">
     <span class='ocr_line' id='line_1_15' title="bbox 308 1604 1275 1688; baseline 0 -19"><span class='ocrx_word' id='word_1_89' title='bbox 308 1604 451 1687; x_wconf 76' lang='lat' dir='ltr'>Respicit</span> <span class='ocrx_word' id='word_1_90' title='bbox 478 1606 567 1667; x_wconf 90' lang='lat' dir='ltr'>enim</span> <span class='ocrx_word' id='word_1_91' title='bbox 588 1607 751 1688; x_wconf 88' lang='lat' dir='ltr'>Propheta</span> <span class='ocrx_word' id='word_1_92' title='bbox 777 1606 819 1669; x_wconf 89' lang='lat' dir='ltr'>ad</span> <span class='ocrx_word' id='word_1_93' title='bbox 846 1606 997 1688; x_wconf 80' lang='lat' dir='ltr'>reliquiae</span> <span class='ocrx_word' id='word_1_94' title='bbox 1025 1607 1163 1688; x_wconf 88' lang='lat' dir='ltr'>peccati,</span> <span class='ocrx_word' id='word_1_95' title='bbox 1273 1618 1275 1637; x_wconf 84' lang='lat'>³</span> 
     </span>
     <span class='ocr_line' id='line_1_16' title="bbox 218 1695 1164 1782; baseline -0.001 -24"><span class='ocrx_word' id='word_1_96' title='bbox 218 1714 302 1775; x_wconf 89' lang='lat' dir='ltr'>quae</span> <span class='ocrx_word' id='word_1_97' title='bbox 324 1700 460 1758; x_wconf 88' lang='lat' dir='ltr'>manent</span> <span class='ocrx_word' id='word_1_98' title='bbox 475 1697 575 1759; x_wconf 85' lang='lat' dir='ltr'>etiam</span> <span class='ocrx_word' id='word_1_99' title='bbox 597 1696 633 1758; x_wconf 92' lang='lat' dir='ltr'>in</span> <span class='ocrx_word' id='word_1_100' title='bbox 657 1697 730 1782; x_wconf 82' lang='lat' dir='ltr'>piis,</span> <span class='ocrx_word' id='word_1_101' title='bbox 755 1703 788 1759; x_wconf 88' lang='lat' dir='ltr'>et</span> <span class='ocrx_word' id='word_1_102' title='bbox 811 1695 992 1759; x_wconf 84' lang='lat' dir='ltr'>excitantur</span> <span class='ocrx_word' id='word_1_103' title='bbox 1014 1716 1073 1777; x_wconf 90' lang='lat' dir='ltr'>per</span> <span class='ocrx_word' id='word_1_104' title='bbox 1096 1702 1164 1758; x_wconf 90' lang='lat' dir='ltr'>ten·</span> 
     </span>
     <span class='ocr_line' id='line_1_17' title="bbox 218 1784 1275 1867; baseline 0 -20"><span class='ocrx_word' id='word_1_105' title='bbox 218 1790 356 1847; x_wconf 88' lang='lat' dir='ltr'>tatorem</span> <span class='ocrx_word' id='word_1_106' title='bbox 379 1784 547 1861; x_wconf 83' lang='lat' dir='ltr'>Satanam‚</span> <span class='ocrx_word' id='word_1_107' title='bbox 580 1786 640 1848; x_wconf 82' lang='lat' dir='ltr'>etei</span> <span class='ocrx_word' id='word_1_108' title='bbox 669 1786 844 1867; x_wconf 85' lang='lat' dir='ltr'>enim&#39;per</span> <span class='ocrx_word' id='word_1_109' title='bbox 870 1786 1006 1849; x_wconf 89' lang='lat' dir='ltr'>verbum</span> <span class='ocrx_word' id='word_1_110' title='bbox 1035 1804 1163 1866; x_wconf 83' lang='lat' dir='ltr'>accepe·</span> <span class='ocrx_word' id='word_1_111' title='bbox 1273 1798 1275 1863; x_wconf 74' lang='lat' dir='ltr'><strong>j</strong></span> 
     </span>
     <span class='ocr_line' id='line_1_18' title="bbox 218 1866 1275 1955; baseline 0 -20"><span class='ocrx_word' id='word_1_112' title='bbox 218 1880 296 1936; x_wconf 88' lang='lat' dir='ltr'>runt</span> <span class='ocrx_word' id='word_1_113' title='bbox 319 1874 468 1955; x_wconf 80' lang='lat' dir='ltr'>spiritum</span> <span class='ocrx_word' id='word_1_114' title='bbox 491 1878 656 1949; x_wconf 81' lang='lat' dir='ltr'>sanctum,</span> <span class='ocrx_word' id='word_1_115' title='bbox 688 1874 805 1937; x_wconf 88' lang='lat' dir='ltr'>etfide</span> <span class='ocrx_word' id='word_1_116' title='bbox 829 1874 1021 1951; x_wconf 73' lang='grc'>100110001,</span> <span class='ocrx_word' id='word_1_117' title='bbox 1052 1879 1165 1937; x_wconf 90' lang='lat' dir='ltr'>tamen</span> <span class='ocrx_word' id='word_1_118' title='bbox 1273 1866 1275 1901; x_wconf 69' lang='lat'>⁵</span> 
     </span>
     <span class='ocr_line' id='line_1_19' title="bbox 220 1963 1275 2045; baseline -0.001 -20"><span class='ocrx_word' id='word_1_119' title='bbox 220 1969 349 2026; x_wconf 89' lang='lat' dir='ltr'>tantum</span> <span class='ocrx_word' id='word_1_120' title='bbox 372 1966 565 2044; x_wconf 75' lang='lat' dir='ltr'>aeceperunt</span> <span class='ocrx_word' id='word_1_121' title='bbox 586 1963 751 2045; x_wconf 83' lang='lat' dir='ltr'>primicias</span> <span class='ocrx_word' id='word_1_122' title='bbox 775 1964 922 2045; x_wconf 81' lang='lat' dir='ltr'>spiritus,</span> <span class='ocrx_word' id='word_1_123' title='bbox 955 1982 1028 2026; x_wconf 88' lang='lat' dir='ltr'>caro</span> <span class='ocrx_word' id='word_1_124' title='bbox 1053 1967 1164 2025; x_wconf 87' lang='lat' dir='ltr'>autem</span> <span class='ocrx_word' id='word_1_125' title='bbox 1273 2002 1275 2009; x_wconf 62' lang='lat'>‹</span> 
     </span>
    </p>
   </div>
   <div class='ocr_carea' id='block_1_4' title="bbox 220 2046 1276 3113">
    <p class='ocr_par' dir='ltr' id='par_1_5' title="bbox 220 2046 1275 2311">
     <span class='ocr_line' id='line_1_20' title="bbox 220 2046 1166 2135; baseline 0 -21"><span class='ocrx_word' id='word_1_126' title='bbox 220 2057 253 2114; x_wconf 90' lang='lat' dir='ltr'>et</span> <span class='ocrx_word' id='word_1_127' title='bbox 275 2046 406 2132; x_wconf 73' lang='lat' dir='ltr'>oanguia</span> <span class='ocrx_word' id='word_1_128' title='bbox 429 2053 600 2133; x_wconf 87' lang='lat' dir='ltr'>antiquum</span> <span class='ocrx_word' id='word_1_129' title='bbox 615 2052 772 2130; x_wconf 85' lang='lat' dir='ltr'>obtinent,</span> <span class='ocrx_word' id='word_1_130' title='bbox 797 2059 830 2117; x_wconf 90' lang='lat' dir='ltr'>et</span> <span class='ocrx_word' id='word_1_131' title='bbox 851 2052 915 2117; x_wconf 84' lang='lat' dir='ltr'>nisi</span> <span class='ocrx_word' id='word_1_132' title='bbox 938 2051 1054 2135; x_wconf 81' lang='lat' dir='ltr'>spiritu</span> <span class='ocrx_word' id='word_1_133' title='bbox 1078 2053 1166 2115; x_wconf 85' lang='lat' dir='ltr'>fecta</span> 
     </span>
     <span class='ocr_line' id='line_1_21' title="bbox 221 2141 1166 2222; baseline 0.002 -20"><span class='ocrx_word' id='word_1_134' title='bbox 221 2141 325 2203; x_wconf 85' lang='lat' dir='ltr'>carnis</span> <span class='ocrx_word' id='word_1_135' title='bbox 347 2142 656 2219; x_wconf 81' lang='lat' dir='ltr'>mortificaverimus,</span> <span class='ocrx_word' id='word_1_136' title='bbox 681 2143 765 2206; x_wconf 82' lang='lat' dir='ltr'>sicut</span> <span class='ocrx_word' id='word_1_137' title='bbox 779 2143 897 2206; x_wconf 81' lang='lat' dir='ltr'>Paulus</span> <span class='ocrx_word' id='word_1_138' title='bbox 912 2142 1065 2222; x_wconf 90' lang='lat' dir='ltr'>loquitur,</span> <span class='ocrx_word' id='word_1_139' title='bbox 1091 2161 1166 2205; x_wconf 87' lang='lat' dir='ltr'>caro</span> 
     </span>
     <span class='ocr_line' id='line_1_22' title="bbox 221 2228 1275 2311; baseline 0.003 -20"><span class='ocrx_word' id='word_1_140' title='bbox 221 2228 391 2309; x_wconf 87' lang='lat' dir='ltr'>extinguet</span> <span class='ocrx_word' id='word_1_141' title='bbox 412 2231 572 2311; x_wconf 82' lang='lat' dir='ltr'>spiritum.</span> <span class='ocrx_word' id='word_1_142' title='bbox 1274 2283 1275 2286; x_wconf 14' lang='grc' dir='ltr'>η</span> 
     </span>
    </p>

    <p class='ocr_par' dir='ltr' id='par_1_6' title="bbox 220 2318 1276 2827">
     <span class='ocr_line' id='line_1_23' title="bbox 310 2318 1276 2402; baseline 0.001 -21"><span class='ocrx_word' id='word_1_143' title='bbox 310 2318 484 2382; x_wconf 82' lang='lat' dir='ltr'>Christiani</span> <span class='ocrx_word' id='word_1_144' title='bbox 512 2319 612 2400; x_wconf 90' lang='lat' dir='ltr'>igitur</span> <span class='ocrx_word' id='word_1_145' title='bbox 631 2320 695 2383; x_wconf 91' lang='lat' dir='ltr'>hoc</span> <span class='ocrx_word' id='word_1_146' title='bbox 723 2339 852 2402; x_wconf 90' lang='lat' dir='ltr'>quoque</span> <span class='ocrx_word' id='word_1_147' title='bbox 881 2323 1052 2402; x_wconf 88' lang='lat' dir='ltr'>praecepto</span> <span class='ocrx_word' id='word_1_148' title='bbox 1082 2339 1167 2401; x_wconf 91' lang='grc'>0000</span> <span class='ocrx_word' id='word_1_149' title='bbox 1275 2397 1276 2400; x_wconf 9' lang='lat'>¹</span> 
     </span>
     <span class='ocr_line' id='line_1_24' title="bbox 220 2407 1166 2486; baseline -0.001 -15"><span class='ocrx_word' id='word_1_150' title='bbox 220 2409 352 2485; x_wconf 91' lang='lat' dir='ltr'>habent,</span> <span class='ocrx_word' id='word_1_151' title='bbox 376 2414 413 2472; x_wconf 93' lang='lat' dir='ltr'>ut</span> <span class='ocrx_word' id='word_1_152' title='bbox 436 2407 577 2472; x_wconf 80' lang='lat' dir='ltr'>studiose</span> <span class='ocrx_word' id='word_1_153' title='bbox 601 2416 702 2486; x_wconf 88' lang='lat' dir='ltr'>arent,</span> <span class='ocrx_word' id='word_1_154' title='bbox 726 2410 788 2473; x_wconf 93' lang='lat' dir='ltr'>hoc</span> <span class='ocrx_word' id='word_1_155' title='bbox 811 2415 868 2486; x_wconf 82' lang='lat' dir='ltr'>est,</span> <span class='ocrx_word' id='word_1_156' title='bbox 892 2414 931 2472; x_wconf 89' lang='lat' dir='ltr'>ut</span> <span class='ocrx_word' id='word_1_157' title='bbox 947 2409 1059 2472; x_wconf 84' lang='lat' dir='ltr'>sedulo</span> <span class='ocrx_word' id='word_1_158' title='bbox 1083 2429 1166 2474; x_wconf 89' lang='lat' dir='ltr'>mor·</span> 
     </span>
     <span class='ocr_line' id='line_1_25' title="bbox 220 2498 1167 2580; baseline 0 -20"><span class='ocrx_word' id='word_1_159' title='bbox 220 2498 345 2560; x_wconf 88' lang='lat' dir='ltr'>tificent</span> <span class='ocrx_word' id='word_1_160' title='bbox 359 2516 497 2575; x_wconf 90' lang='lat' dir='ltr'>carnem,</span> <span class='ocrx_word' id='word_1_161' title='bbox 520 2503 559 2561; x_wconf 87' lang='lat' dir='ltr'>ut</span> <span class='ocrx_word' id='word_1_162' title='bbox 580 2504 761 2580; x_wconf 85' lang='lat' dir='ltr'>expurgent</span> <span class='ocrx_word' id='word_1_163' title='bbox 782 2503 874 2564; x_wconf 83' lang='lat' dir='ltr'>vetus</span> <span class='ocrx_word' id='word_1_164' title='bbox 897 2498 1104 2574; x_wconf 83' lang='lat' dir='ltr'>fermentum,</span> <span class='ocrx_word' id='word_1_165' title='bbox 1128 2504 1167 2560; x_wconf 87' lang='lat' dir='ltr'>ut</span> 
     </span>
     <span class='ocr_line' id='line_1_26' title="bbox 222 2583 1168 2668; baseline 0.001 -21"><span class='ocrx_word' id='word_1_166' title='bbox 222 2587 288 2648; x_wconf 82' lang='lat' dir='ltr'>sint</span> <span class='ocrx_word' id='word_1_167' title='bbox 309 2607 393 2649; x_wconf 91' lang='lat' dir='ltr'>nova</span> <span class='ocrx_word' id='word_1_168' title='bbox 408 2587 600 2668; x_wconf 80' lang='lat' dir='ltr'>conspersio,</span> <span class='ocrx_word' id='word_1_169' title='bbox 623 2594 671 2663; x_wconf 87' lang='lat' dir='ltr'>ut,</span> <span class='ocrx_word' id='word_1_170' title='bbox 696 2588 780 2651; x_wconf 80' lang='lat' dir='ltr'>sicut</span> <span class='ocrx_word' id='word_1_171' title='bbox 797 2588 833 2650; x_wconf 92' lang='lat' dir='ltr'>in</span> <span class='ocrx_word' id='word_1_172' title='bbox 853 2588 882 2650; x_wconf 85' lang='lat'>2.</span> <span class='ocrx_word' id='word_1_173' title='bbox 906 2586 948 2651; x_wconf 87' lang='lat' dir='ltr'>ad</span> <span class='ocrx_word' id='word_1_174' title='bbox 965 2585 1108 2650; x_wconf 81' lang='lat' dir='ltr'>Corinth.</span> <span class='ocrx_word' id='word_1_175' title='bbox 1127 2583 1168 2648; x_wconf 79' lang='lat'>5*</span> 
     </span>
     <span class='ocr_line' id='line_1_27' title="bbox 221 2671 1166 2753; baseline 0.004 -19"><span class='ocrx_word' id='word_1_176' title='bbox 221 2674 340 2736; x_wconf 79' lang='lat' dir='ltr'>Paulus</span> <span class='ocrx_word' id='word_1_177' title='bbox 367 2694 409 2736; x_wconf 90' lang='lat' dir='ltr'>ex</span> <span class='ocrx_word' id='word_1_178' title='bbox 430 2675 504 2737; x_wconf 82' lang='lat' dir='ltr'>an.</span> <span class='ocrx_word' id='word_1_179' title='bbox 528 2694 575 2736; x_wconf 92' lang='lat' dir='ltr'>ca.</span> <span class='ocrx_word' id='word_1_180' title='bbox 600 2671 691 2736; x_wconf 55' lang='grc'>4331*</span> <span class='ocrx_word' id='word_1_181' title='bbox 718 2677 810 2753; x_wconf 86' lang='lat' dir='ltr'>citat,</span> <span class='ocrx_word' id='word_1_182' title='bbox 838 2676 949 2739; x_wconf 88' lang='lat' dir='ltr'>omnia</span> <span class='ocrx_word' id='word_1_183' title='bbox 978 2676 1045 2739; x_wconf 81' lang='lat' dir='ltr'>sint</span> <span class='ocrx_word' id='word_1_184' title='bbox 1070 2695 1166 2751; x_wconf 80' lang='lat' dir='ltr'>nova,</span> 
     </span>
     <span class='ocr_line' id='line_1_28' title="bbox 222 2763 682 2827; baseline 0.007 -3"><span class='ocrx_word' id='word_1_185' title='bbox 222 2766 330 2824; x_wconf 84' lang='lat' dir='ltr'>vetera</span> <span class='ocrx_word' id='word_1_186' title='bbox 352 2767 462 2825; x_wconf 89' lang='lat' dir='ltr'>autem</span> <span class='ocrx_word' id='word_1_187' title='bbox 485 2763 682 2827; x_wconf 88' lang='lat' dir='ltr'>aboleantur.</span> 
     </span>
    </p>

    <p class='ocr_par' dir='ltr' id='par_1_7' title="bbox 221 2850 1168 3113">
     <span class='ocr_line' id='line_1_29' title="bbox 312 2850 1165 2937; baseline 0.005 -25"><span class='ocrx_word' id='word_1_188' title='bbox 312 2851 384 2913; x_wconf 91' lang='lat' dir='ltr'>Iam</span> <span class='ocrx_word' id='word_1_189' title='bbox 398 2850 498 2932; x_wconf 91' lang='lat' dir='ltr'>igitur</span> <span class='ocrx_word' id='word_1_190' title='bbox 512 2851 595 2928; x_wconf 88' lang='lat' dir='ltr'>vide,</span> <span class='ocrx_word' id='word_1_191' title='bbox 620 2872 664 2916; x_wconf 91' lang='lat' dir='ltr'>an</span> <span class='ocrx_word' id='word_1_192' title='bbox 681 2874 748 2918; x_wconf 93' lang='lat' dir='ltr'>non</span> <span class='ocrx_word' id='word_1_193' title='bbox 763 2855 922 2937; x_wconf 89' lang='lat' dir='ltr'>propheta</span> <span class='ocrx_word' id='word_1_194' title='bbox 936 2852 1165 2930; x_wconf 81' lang='lat' dir='ltr'>eruditissime,</span> 
     </span>
     <span class='ocr_line' id='line_1_30' title="bbox 221 2941 1168 3022; baseline 0.002 -19"><span class='ocrx_word' id='word_1_195' title='bbox 221 2946 387 3004; x_wconf 89' lang='lat' dir='ltr'>ettamen</span> <span class='ocrx_word' id='word_1_196' title='bbox 413 2941 496 3005; x_wconf 91' lang='lat' dir='ltr'>mira</span> <span class='ocrx_word' id='word_1_197' title='bbox 518 2941 724 3022; x_wconf 85' lang='lat' dir='ltr'>simplicitate</span> <span class='ocrx_word' id='word_1_198' title='bbox 752 2963 828 3007; x_wconf 88' lang='grc'>0000</span> <span class='ocrx_word' id='word_1_199' title='bbox 856 2943 1000 3007; x_wconf 85' lang='lat' dir='ltr'>docuerit</span> <span class='ocrx_word' id='word_1_200' title='bbox 1027 2942 1168 3006; x_wconf 84' lang='lat' dir='ltr'>devera</span> 
     </span>
     <span class='ocr_line' id='line_1_31' title="bbox 222 3029 1167 3113; baseline 0.004 -21"><span class='ocrx_word' id='word_1_201' title='bbox 222 3029 398 3108; x_wconf 77' lang='lat' dir='ltr'>religione?</span> <span class='ocrx_word' id='word_1_202' title='bbox 446 3030 481 3092; x_wconf 86' lang='lat' dir='ltr'>Si</span> <span class='ocrx_word' id='word_1_203' title='bbox 513 3031 602 3093; x_wconf 90' lang='lat' dir='ltr'>enirn</span> <span class='ocrx_word' id='word_1_204' title='bbox 637 3031 858 3110; x_wconf 83' lang='lat' dir='ltr'>Christianum</span> <span class='ocrx_word' id='word_1_205' title='bbox 895 3031 1027 3113; x_wconf 87' lang='lat' dir='ltr'>pingere</span> <span class='ocrx_word' id='word_1_206' title='bbox 1066 3032 1167 3107; x_wconf 81' lang='lat' dir='ltr'>voles,</span> 
     </span>
    </p>
   </div>
   <div class='ocr_carea' id='block_1_5' title="bbox 221 3105 1276 3291">
    <p class='ocr_par' dir='ltr' id='par_1_8' title="bbox 221 3105 1276 3291">
     <span class='ocr_line' id='line_1_32' title="bbox 221 3105 1276 3202; baseline 0.003 -22"><span class='ocrx_word' id='word_1_207' title='bbox 221 3117 385 3197; x_wconf 88' lang='lat' dir='ltr'>quomodo</span> <span class='ocrx_word' id='word_1_208' title='bbox 407 3119 528 3200; x_wconf 83' lang='lat' dir='ltr'>poteris</span> <span class='ocrx_word' id='word_1_209' title='bbox 551 3140 626 3182; x_wconf 89' lang='lat' dir='ltr'>eum</span> <span class='ocrx_word' id='word_1_210' title='bbox 641 3120 774 3202; x_wconf 86' lang='lat' dir='ltr'>pingere</span> <span class='ocrx_word' id='word_1_211' title='bbox 796 3121 901 3202; x_wconf 82' lang='lat' dir='ltr'>magis</span> <span class='ocrx_word' id='word_1_212' title='bbox 924 3119 1061 3202; x_wconf 79' lang='lat' dir='ltr'>propriis</span> <span class='ocrx_word' id='word_1_213' title='bbox 1086 3121 1167 3183; x_wconf 88' lang='lat' dir='ltr'>colo·</span> <span class='ocrx_word' id='word_1_214' title='bbox 1274 3105 1276 3154; x_wconf 77' lang='lat' dir='ltr'>l</span> 
     </span>
     <span class='ocr_line' id='line_1_33' title="bbox 222 3207 1276 3291; baseline 0.001 -22"><span class='ocrx_word' id='word_1_215' title='bbox 222 3207 328 3283; x_wconf 78' lang='lat' dir='ltr'>ribus,</span> <span class='ocrx_word' id='word_1_216' title='bbox 360 3226 460 3288; x_wconf 88' lang='lat' dir='ltr'>quam</span> <span class='ocrx_word' id='word_1_217' title='bbox 481 3209 640 3289; x_wconf 88' lang='lat' dir='ltr'>propheta</span> <span class='ocrx_word' id='word_1_218' title='bbox 661 3210 787 3291; x_wconf 87' lang='lat' dir='ltr'>pinxit,</span> <span class='ocrx_word' id='word_1_219' title='bbox 811 3231 887 3275; x_wconf 91' lang='lat' dir='ltr'>cum</span> <span class='ocrx_word' id='word_1_220' title='bbox 910 3209 1078 3285; x_wconf 84' lang='lat' dir='ltr'>seminare,</span> <span class='ocrx_word' id='word_1_221' title='bbox 1102 3227 1168 3270; x_wconf 78' lang='lat' dir='ltr'>me</span> <span class='ocrx_word' id='word_1_222' title='bbox 1274 3249 1276 3286; x_wconf 75' lang='lat'>,</span> 
     </span>
    </p>
   </div>
   <div class='ocr_carea' id='block_1_6' title="bbox 223 3287 1276 3379">
    <p class='ocr_par' dir='ltr' id='par_1_9' title="bbox 223 3287 1276 3392">
     <span class='ocr_line' id='line_1_34' title="bbox 223 3287 1276 3379; baseline -0.003 -19"><span class='ocrx_word' id='word_1_223' title='bbox 223 3303 299 3373; x_wconf 86' lang='lat' dir='ltr'>tere,</span> <span class='ocrx_word' id='word_1_224' title='bbox 323 3315 412 3358; x_wconf 89' lang='lat' dir='ltr'>arare</span> <span class='ocrx_word' id='word_1_225' title='bbox 434 3295 548 3359; x_wconf 75' lang='lat' dir='ltr'>iubet?</span> <span class='ocrx_word' id='word_1_226' title='bbox 596 3291 729 3379; x_wconf 79' lang='lat' dir='ltr'>³Itaque</span> <span class='ocrx_word' id='word_1_227' title='bbox 752 3300 925 3364; x_wconf 82' lang='lat' dir='ltr'>haeceine</span> <span class='ocrx_word' id='word_1_228' title='bbox 950 3298 1171 3362; x_wconf 80' lang='lat' dir='ltr'>instrumenta</span> <span class='ocrx_word' id='word_1_229' title='bbox 1274 3287 1276 3356; x_wconf 55' lang='lat' dir='ltr'>f</span> 
     </span>
    </p>
   </div>
   <div class='ocr_carea' id='block_1_7' title="bbox 295 3469 1131 3542">
    <p class='ocr_par' dir='ltr' id='par_1_10' title="bbox 295 3469 1131 3542">
     <span class='ocr_line' id='line_1_35' title="bbox 295 3469 1131 3542; baseline 0.002 -19"><span class='ocrx_word' id='word_1_230' title='bbox 295 3470 323 3539; x_wconf 89' lang='lat'>1)</span> <span class='ocrx_word' id='word_1_231' title='bbox 342 3471 412 3525; x_wconf 87' lang='lat' dir='ltr'>Iere.</span> <span class='ocrx_word' id='word_1_232' title='bbox 429 3469 455 3525; x_wconf 88' lang='grc'>4.</span> <span class='ocrx_word' id='word_1_233' title='bbox 491 3470 519 3538; x_wconf 81' lang='lat'>2)</span> <span class='ocrx_word' id='word_1_234' title='bbox 537 3471 720 3528; x_wconf 83' lang='lat' dir='ltr'>Mortificatio</span> <span class='ocrx_word' id='word_1_235' title='bbox 732 3473 850 3542; x_wconf 88' lang='lat' dir='ltr'>peccati.</span> <span class='ocrx_word' id='word_1_236' title='bbox 887 3472 915 3542; x_wconf 89' lang='lat'>3)</span> <span class='ocrx_word' id='word_1_237' title='bbox 936 3471 1131 3527; x_wconf 83' lang='lat' dir='ltr'>Christianorr</span> 
     </span>
    </p>
   </div>
   <div class='ocr_carea' id='block_1_8' title="bbox 65 3541 426 3622">
    <p class='ocr_par' dir='ltr' id='par_1_11' title="bbox 62 3530 426 3622">
     <span class='ocr_line' id='line_1_36' title="bbox 65 3541 426 3622; baseline 0.011 -29.967"><span class='ocrx_word' id='word_1_238' title='bbox 62 3545 97 3622; x_wconf 45' lang='lat'>³⁸</span> <span class='ocrx_word' id='word_1_239' title='bbox 224 3541 426 3596; x_wconf 84' lang='lat' dir='ltr'>instrumenta.</span> 
     </span>
    </p>
   </div>
   <div class='ocr_carea' id='block_1_9' title="bbox 217 3682 1131 3807">
    <p class='ocr_par' dir='ltr' id='par_1_12' title="bbox 217 3682 1131 3807">
     <span class='ocr_line' id='line_1_37' title="bbox 217 3682 1131 3754; baseline 0.001 -18"><span class='ocrx_word' id='word_1_240' title='bbox 217 3727 226 3736; x_wconf 91' lang='lat'>.</span> <span class='ocrx_word' id='word_1_241' title='bbox 313 3682 339 3749; x_wconf 75' lang='lat'>⁸)</span> <span class='ocrx_word' id='word_1_242' title='bbox 357 3684 395 3737; x_wconf 88' lang='lat' dir='ltr'>In</span> <span class='ocrx_word' id='word_1_243' title='bbox 411 3697 499 3750; x_wconf 85' lang='lat' dir='ltr'>marg.</span> <span class='ocrx_word' id='word_1_244' title='bbox 519 3685 580 3738; x_wconf 92' lang='lat' dir='ltr'>coll.</span> <span class='ocrx_word' id='word_1_245' title='bbox 593 3686 667 3740; x_wconf 82' lang='lat' dir='ltr'>Ien:</span> <span class='ocrx_word' id='word_1_246' title='bbox 688 3686 711 3739; x_wconf 93' lang='lat'>1.</span> <span class='ocrx_word' id='word_1_247' title='bbox 727 3685 789 3741; x_wconf 85' lang='lat' dir='ltr'>Cor.</span> <span class='ocrx_word' id='word_1_248' title='bbox 808 3685 832 3740; x_wconf 78' lang='lat'>5.</span> <span class='ocrx_word' id='word_1_249' title='bbox 852 3685 929 3754; x_wconf 80' lang='grc'>(0101)</span> <span class='ocrx_word' id='word_1_250' title='bbox 966 3684 1008 3754; x_wconf 66' lang='lat' dir='ltr'>u)</span> <span class='ocrx_word' id='word_1_251' title='bbox 1029 3685 1066 3738; x_wconf 91' lang='lat' dir='ltr'>In</span> <span class='ocrx_word' id='word_1_252' title='bbox 1077 3700 1131 3738; x_wconf 73' lang='lat' dir='ltr'>mar</span> 
     </span>
     <span class='ocr_line' id='line_1_38' title="bbox 226 3753 531 3807; baseline 0 0"><span class='ocrx_word' id='word_1_253' title='bbox 226 3753 288 3807; x_wconf 90' lang='lat' dir='ltr'>coll.</span> <span class='ocrx_word' id='word_1_254' title='bbox 307 3753 383 3806; x_wconf 91' lang='lat' dir='ltr'>Ien.:</span> <span class='ocrx_word' id='word_1_255' title='bbox 402 3754 468 3807; x_wconf 79' lang='lat' dir='ltr'>an.</span> <span class='ocrx_word' id='word_1_256' title='bbox 487 3753 531 3807; x_wconf 65' lang='lat'>43.</span> 
     </span>
    </p>
   </div>
   <div class='ocr_carea' id='block_1_10' title="bbox 0 0 1306 4225">
    <p class='ocr_par' dir='ltr' id='par_1_13' title="bbox 0 0 1306 4225">
     <span class='ocr_line' id='line_1_39' title="bbox 0 0 1306 4225; baseline 0 0"><span class='ocrx_word' id='word_1_257' title='bbox 0 0 1306 4225; x_wconf 95' lang='lat' dir='ltr'> </span> 
     </span>
    </p>
   </div>
  </div>
 </body>
</html>
