2575 4225
468 240 568 304 Ozene
590 242 776 324 prophetae.

387 416 430 481 llt
452 417 591 482 visitatio
615 425 728 483 eontra
748 419 854 496 iacob,

154 522 188 605 bt
210 521 277 588 mitt
300 520 348 603 tlt
369 520 423 589 ¹1¹st
445 524 526 608 not
548 520 744 606 Mallem!

481 683 578 748 quta
601 685 669 749 vias
682 688 762 762 ete,

154 789 187 852 id
209 796 273 853 est:
298 790 397 871 Impii
418 790 550 855 fuerunt
572 797 605 854 et
626 791 721 874 impii
743 792 879 874 perdent
901 812 964 856 eos.

293 950 334 1012 In
356 956 447 1015 utero
469 950 692 1103 suplprhnttlasmt
713 951 855 1103 patrem.
880 946 941 998 -²

565 1058 602 1103 eo
678 1059 736 1116 es,

151 1145 335 1208 luctabatur
368 1165 443 1208 oum
477 1145 547 1209 deo.
601 1151 770 1228 corruptus
805 1152 854 1210 est
886 1147 940 1209 hio
974 1152 1090 1210 textus.

152 1233 195 1295 Et
215 1234 400 1297 luctabatur
431 1252 506 1297 oum
529 1235 642 1315 angelo
665 1242 699 1297 et
719 1235 913 1316 praevaluit,
937 1235 1022 1298 Nota
1044 1241 1092 1299 est

151 1322 287 1385 historia
310 1343 351 1385 ex
366 1321 516 1403 Gemi:
541 1343 650 1387 revera
664 1324 761 1387 Iaeob
776 1325 933 1407 pugnavit
947 1343 1093 1406 pugnam

151 1410 250 1474 istam
272 1411 388 1474 duram
410 1417 444 1474 et
466 1411 638 1475 sublimem
661 1419 772 1476 eontra
794 1412 901 1477 deum.

162 1536 167 1540 -
243 1500 439 1564 conscientia
468 1501 567 1563 sentit
593 1500 661 1564 vim
690 1503 814 1584 peooati
840 1507 873 1565 et
900 1503 998 1565 simul
1026 1503 1093 1566 vim

150 1589 218 1650 irae
253 1588 381 1652 divinae
415 1608 498 1670 quae
531 1595 580 1653 est
613 1590 832 1655 intolerabilis.
891 1592 969 1653 Erat
995 1591 1093 1654 Iaeob

152 1684 232 1741 tuno
254 1678 291 1749 in
314 1678 430 1758 agonia
453 1684 486 1741 et
506 1678 593 1759 quod
609 1678 761 1742 dominus
775 1680 936 1743 vulteum
951 1680 1092 1743 occidere

152 1772 212 1829 eto.
259 1766 318 1829 ubi
340 1786 406 1829 non
421 1765 520 1830 Satan
543 1773 600 1830 aut
621 1773 766 1831 ereatura
788 1788 932 1849 pugnare
955 1767 1090 1843 videtur,

152 1854 210 1917 sed
233 1855 314 1917 deus
336 1860 396 1918 eto.
444 1856 566 1918 afemo
589 1857 706 1919 transit
728 1857 924 1921 conscientia
945 1856 988 1919 ad
1009 1857 1092 1919 iram

152 1942 312 2020 divinam,
343 1943 474 2024 quando
496 1942 555 2025 ipit
578 1951 647 2009 tort
669 1945 750 2009 mont
771 1944 842 2026 tuit
886 1945 983 2008 Iaoob
1007 1951 1091 2007 ante·

150 2052 253 2113 quem
276 2037 458 2096 nasceretur
480 2039 548 2095 erat
563 2032 664 2096 vietor
686 2032 744 2096 sed
766 2034 839 2097 talis
854 2034 911 2115 qni
925 2033 1092 2096 hominem

157 2122 288 2197 vicerat,
312 2142 388 2185 oum
410 2122 532 2186 viveret
554 2129 586 2186 et
608 2128 704 2186 natus
727 2129 820 2200 esset,
844 2123 943 2187 deum
958 2123 1036 2187 vioit
1058 2129 1091 2186 et

149 2209 306 2292 angelum
329 2216 389 2276 eto.

424 2371 514 2434 flevit
535 2377 568 2435 et
590 2371 714 2451 rogavit
736 2365 814 2434 ete⁸

150 2477 280 2540 dioens:
305 2498 372 2542 non
394 2476 557 2540 dimittam
581 2477 645 2541 nisi
667 2477 880 2540 benedixeris.
926 2477 980 2538 Bis

474 2636 510 2699 in
531 2638 621 2700 Betel
643 2636 769 2702 invenit

150 2749 191 2806 ut
213 2749 303 2825 patet
325 2742 361 2806 in
384 2741 531 2824 Ge[near].
556 2779 599 2789 —

520 2897 725 2967 Memoriale⁴

151 3009 271 3072 dicitur
293 3010 356 3072 hoe
378 3009 466 3090 quod
489 3030 547 3073 nos
571 3030 690 3072 nomen
713 3009 764 3073 vel
786 3006 921 3088 gloriam
944 3007 1090 3071 dicimus.

152 3098 243 3160 Haeo
276 3097 413 3160 historia
446 3103 509 3175 est,
545 3097 602 3161 sed
636 3116 719 3178 quae
754 3102 803 3160 est
836 3095 1019 3160 sententia?
1061 3101 1094 3159 et

151 3185 358 3249 cohaerentia
378 3188 510 3250 textus?
547 3187 635 3250 Inter
650 3183 903 3267 praedicandum
918 3186 1093 3267 prophetae

152 3275 258 3338 solent
272 3275 432 3338 inouloare
447 3295 530 3356 quae
545 3275 717 3356 praeterito
731 3279 809 3338 sunt
823 3273 909 3336 faeta
923 3293 965 3336 ex
976 3273 1093 3353 quibus

152 3368 270 3428 texunt
284 3363 517 3426 consolationes
532 3365 583 3427 vel
597 3360 831 3445 increpationes
854 3382 913 3443 pro
933 3361 1094 3443 praesenti

153 3451 224 3516 bus.
255 3452 349 3532 quasi
368 3452 454 3516 dicat
465 3451 622 3534 Ephraim
633 3452 701 3515 iam
712 3449 890 3516 eironmdat
900 3469 953 3512 me
965 3448 1092 3512 menda·

160 3541 211 3604 eiis
227 3541 295 3605 suis
319 3547 352 3604 et
374 3537 486 3604 reddet
500 3540 653 3604 dominus
668 3547 706 3604 ut
720 3545 870 3616 meretur,
894 3558 970 3602 oum
984 3544 1094 3601 tamen

243 3717 270 3780 1>
289 3713 398 3784 Incipit
414 3712 684 3770 romanoram.
716 3714 744 3783 2)
757 3733 784 3771 v.
796 3715 822 3769 3.
851 3711 881 3780 3)
893 3731 920 3769 v.
933 3711 958 3766 4.
989 3710 1018 3778 4)
1031 3709 1093 3766 nb.
