2575 4225
443 273 570 337 Hoseao
592 274 778 357 prophetae.
1013 274 1053 339 27
1057 276 1078 339 3

8 500 9 503 η
131 469 273 530 regnum
296 456 493 531 occupasset,
517 448 660 514 instituit
682 452 787 515 cultus
810 451 846 513 in
867 472 966 532 regno
981 453 1080 517 Israel

135 538 180 601 ad
203 537 451 602 similitudinem
467 540 615 602 cultuum
629 540 727 620 Iuda.¹
769 540 858 604 Sicut
872 540 971 621 igitur
986 548 1078 607 testa·

135 634 190 690 tur
216 627 352 689 historia
379 628 517 690 erexisse
552 646 627 691 eum
658 629 784 706 altaria,
816 636 848 693 01
877 631 1079 694 constituisse

135 715 335 791 sacerdotes,
365 715 413 779 ita
434 716 518 779 nihil
540 716 777 794 dubitabimus,
806 718 887 798 quin
909 719 951 782 ad
975 738 1079 783 exem·

6 787 8 868 ῗ
135 806 231 886 plum
264 803 348 867 Iuda
380 824 456 868 suos
489 825 618 886 quoque
653 806 832 869 sacerdotes
866 809 1002 885 ornarit,
1038 829 1079 871 ne

6 895 8 944 1
134 892 307 956 dissimilis
341 894 446 956 011111
481 894 697 957 sacerdotium
730 895 813 957 Iuda
846 896 994 960 redderet
1027 917 1079 960 au·

135 981 274 1063 gastius.
309 981 388 1045 Ideo
402 984 552 1046 meminit
566 982 725 1065 propheto
738 984 799 1046 hoc
814 982 850 1045 in
867 985 937 1048 loco
953 986 1078 1067 Ephod,

35 1101 40 1123 ι
136 1078 176 1133 ut
198 1070 381 1134 idolatriam
403 1071 561 1147 ostendit,
592 1090 692 1151 quam
715 1071 866 1135 dominus
889 1074 986 1136 exilio
1012 1082 1080 1137 tam

136 1160 222 1222 duro
244 1159 348 1222 voluit
366 1161 490 1240 punire.

235 1243 301 1311 ¹At
323 1248 490 1351 coniungit
512 1267 588 1311 cum
610 1245 802 1331 Ephod*et
789 1250 868 1311 tiam
891 1251 1080 1332 Thraphim,

135 1357 222 1417 quas
245 1336 460 1401 idolatrioas'
450 1339 607 1418 imagines
630 1338 730 1401 fuisse
761 1358 828 1401 non
854 1358 920 1401 uno
947 1340 983 1403 in
1011 1340 1081 1403 loco

138 1426 301 1507 scriptura
330 1426 479 1489 ostendit.
533 1426 585 1489 Sic
615 1427 703 1489 enim
736 1432 829 1491 vocat
815 1428 962 1491 tMoses
995 1429 1083 1492 idola

137 1514 263 1590 Laban,
281 1533 364 1594 quae
375 1515 478 1577 Rahel
492 1516 576 1577 clam
591 1522 682 1597 patre
695 1516 878 1593 abstulerat,
892 1518 991 1579 Gens
1006 1502 1058 1580 31
1064 1512 1078 1551 ²

138 1604 184 1666 Et
206 1564 336 1679 Michol,
361 1623 436 1666 oum
459 1602 563 1668 David
586 1624 606 1666 a
627 1604 722 1684 regiis
746 1567 937 1669 satellitibus
961 1607 1081 1687 quaeri·

139 1698 210 1768 111,
240 1692 370 1773 ponit
360 1712 396 1754 rn
422 1693 531 1756 locum
557 1693 627 1756 eius
655 1693 691 1755 in
720 1692 840 1756 lectum
871 1695 1081 1776 ,Thraphimf

140 1780 382 1844 &Ezechielis
406 1782 458 1843 21
465 1775 479 1814 ³
505 1764 674 1844 accusatur
695 1800 753 1844 rex
774 1781 962 1862 Babylonis,
996 1783 1083 1864 quod

138 1870 339 1932 consuluerit
369 1870 423 1945 ,Be
454 1870 642 1959 Thraphim‘
662 1871 783 1973 itaque
813 1870 925 1933 Iudaei
955 1892 1083 1952 quoque

139 1959 264 2038 ubique
287 1966 455 2040 exponunt
469 1980 528 2041 pro
542 1955 668 2023 idolat'
629 1959 718 2023 111011
732 1959 939 2039 imaginibus
965 1961 1084 2040 quibus

139 2046 185 2109 ad
208 2047 424 2112 divinationes
446 2068 522 2112 usae
545 2053 622 2112 sunt
644 2054 765 2130 gentes.

233 2267 346 2324 ostea
361 2268 639 2325 convertentur
655 2262 738 2323 filii
752 2261 890 2338 Israel,
916 2269 953 2326 et
968 2282 1084 2343 quae·

249 2356 341 2412 rent
363 2350 571 2413 dominum
593 2351 711 2413 deum
735 2363 864 2427 suum,
897 2357 935 2414 et
956 2350 1085 2415 David

187 2459 322 2519 regem
345 2459 472 2515 suum,
498 2446 536 2502 et
558 2439 848 2503 reverebuntur
866 2439 1083 2516 dominum,

189 2534 229 2590 et
249 2528 477 2590 bonitatem
500 2528 586 2591 eius
609 2528 651 2588 in
673 2527 906 2592 novissimis
936 2527 1084 2592 diebus.

197 2746 226 2787 ro
248 2721 364 2804 incipit
385 2723 441 2785 illa
460 2723 566 2787 suavis
582 2721 703 2810 001010,
729 2723 817 2804 quod
832 2723 984 2787 dominus
999 2724 1086 2788 adul

219 2818 322 2876 teram
351 2832 473 2876 veroe
456 2813 656 2875 etmaritali
690 2833 798 2876 111010
833 2805 1018 2894 complecti,
1055 2819 1088 2877 et

143 2921 220 2964 eam
242 2907 373 2982 propter
395 2899 589 2963 adulterium
611 2921 678 2963 non
701 2901 846 2978 abiicere,
876 2901 933 2964 sed
955 2921 989 2964 se
1012 2922 1088 2965 cum

143 3011 186 3053 ea
207 2989 244 3052 in
266 2989 403 3065 iusticia,
424 2990 557 3065 iudicio,
581 2990 769 3051 beneficent
747 2994 801 3064 tia,
827 2995 860 3052 et
877 2988 1086 3054 miserationi·

142 3081 208 3142 bus
236 3077 434 3160 despondere
464 3078 550 3141 velit.
596 3079 680 3139 Nam
709 3079 849 3159 populus
876 3079 975 3140 lsrael
1004 3079 1088 3144 inter

145 3174 259 3248 gentes
287 3166 409 3229 mansit
434 3166 678 3242 disseminatus,
709 3167 811 3229 donec
839 3187 897 3248 per
927 3168 1088 3249 apostolos

144 3255 351 3335 evangelium
378 3255 415 3317 in
443 3262 554 3335 gentes
581 3255 748 3335 vulgatum
780 3262 843 3332 est,
878 3255 926 3318 ibi
956 3255 1090 3319 demum

145 3346 256 3426 coepit
278 3343 419 3408 converti
442 3351 474 3407 et
496 3364 647 3425 quaerore
670 3343 840 3407 dominum
863 3344 961 3407 deum
981 3365 1089 3422 suum,

240 3553 268 3622 1)
286 3553 433 3622 Traphim.
469 3553 498 3621 2)
518 3554 607 3608 Gens.
625 3552 669 3606 31.
705 3553 734 3622 3)
754 3553 855 3608 Ezech.
875 3553 918 3609 21.

240 3748 267 3818 ‘)
286 3750 322 3804 In
340 3749 433 3816 marg!
446 3750 508 3804 coll.
527 3750 602 3803 Ien:
621 3748 734 3816 Ephod.

190 3848 279 3888 Lutherl
292 3859 340 3897 opp.
353 3851 438 3898 exeget
469 3847 517 3889 Vol.
530 3847 606 3888 XXIV.
896 3840 930 3893 18
