2575 4225
451 297 578 363 Hoseae
602 299 787 381 prophetas.
1016 296 1081 361 357

139 473 286 538 minatus
315 480 374 538 est.
420 470 512 539 Soliti
542 474 630 539 enirn
654 482 745 553 sunt,
779 474 861 539 siout
884 475 1086 556 evangelium

140 569 291 640 testatiu,
322 563 437 627 Mosen
459 563 603 631 sabbatis
626 565 742 629 diebus
771 564 876 645 legere
905 563 940 626 in
968 564 1087 628 scholis
1200 603 1202 608 .

141 672 201 716 seu
224 652 367 715 ecclesia.
406 652 677 717 Existimabimus
700 659 809 739 autem
833 652 963 716 easdem
985 654 1087 735 priva·

141 747 251 806 torum
274 760 404 822 quoque
425 760 548 824 poenas
569 743 647 819 fore,
684 744 712 806 si
734 744 878 824 neglecto
900 742 998 806 verbo
1021 760 1087 805 non

142 829 373 912 arripuerimus
399 831 650 913 poenitentiam,
682 838 715 896 et
744 832 863 914 impios
887 832 991 895 cultus
1021 851 1088 894 non

141 918 364 983 abiecerimus.
1000 916 1005 923 “

187 1112 282 1225 Vir
305 1113 378 1192 eis,
415 1114 607 1196 quoniam
636 1115 824 1181 recedunt
852 1137 871 1178 a
897 1114 967 1179 me.
1014 1114 1086 1178 Ds-

253 1204 536 1282 vastabuntur‚
571 1204 759 1286 quoniam
792 1204 933 1286 inique.
965 1211 1088 1285 agunt

13 1309 14 1344 1
87 1292 90 1297 '
148 1363 152 1369 ¹
188 1298 327 1357 eontra
368 1313 434 1355 me.
493 1292 775 1375 Egoquidem
815 1292 969 1358 redimo
1004 1310 1085 1369 eos,

187 1381 425 1532 {ipsi‘autem
462 1380 689 1463 loquuntur
723 1386 863 1449 eontra
897 1400 955 1445 me
981 1402 1087 1445 men-

220 1489 313 1533 asra.

194 1683 223 1729 re
257 1671 306 1728 est
336 1666 515 1748 praesentis
549 1667 712 1731 concionis
746 1668 900 1750 epilogus.
953 1666 1087 1732 Notabis

219 1758 338 1832 autem,
363 1752 450 1834 quod
468 1752 620 1819 dominus
643 1756 766 1836 ubique
788 1754 880 1819 addit
902 1776 995 1821 suam
1018 1778 1085 1837 per-

143 1833 274 1905 sonam:
309 1845 339 1905 A
361 1862 414 1906 me
437 1850 650 1922 recessenmt,
675 1850 785 1908 eontra
807 1864 859 1907 me
882 1845 995 1926 inique
1017 1864 1085 1925 ege-

143 1938 229 2009 runt,
254 1936 364 1995 eontra
386 1953 439 1995 me
453 1934 632 2015 loquuntur
653 1933 869 2011 mendacium,
895 1933 936 1995 ad
951 1953 1004 1998 me
1020 1954 1086 1996 non

144 2020 301 2097 clamant,
325 2026 437 2086 eontra
458 2042 511 2084 me
533 2022 658 2086 malum
681 2023 831 2105 cogitant.
877 2022 980 2103 Igitur
1003 2022 1087 2085 sieut

141 2130 202 2174 nos
224 2109 455 2191 distinguimus
477 2118 610 2194 peecata
637 2113 815 2178 seeundum
842 2113 968 2177 tabulas
990 2112 1084 2190 Mosi,

141 2199 189 2262 ita
209 2198 264 2262 hio
280 2199 456 2265 sentiemus
471 2201 664 2283 prophetam
687 2222 753 2265 non
780 2221 872 2284 agere
890 2201 1086 2284 depereatis

144 2288 315 2365 secundae,
339 2289 396 2352 sed
419 2290 542 2374 primae
564 2290 703 2354 tabulae.

182 2431 186 2436 .
237 2372 454 2441 ¹Reoederea
484 2377 545 2442 deo
568 2385 632 2456 est,
669 2380 793 2443 abiecta
821 2380 884 2442 fide
912 2380 947 2442 in
976 2379 1084 2456 deum,

143 2462 243 2529 fidere
265 2465 463 2546 hominibus,
488 2473 521 2530 et
544 2487 656 2530 eorum
678 2489 739 2551 ope
762 2467 832 2530 niti.

235 2547 371 2635 ‘Inique
406 2562 518 2620 contra
550 2557 722 2620 dominum
751 2575 843 2636 agere
878 2562 927 2619 est
960 2561 1085 2620 mutare

13 2630 15 2717 ζ
142 2645 277 2720 cultum,
301 2650 334 2708 et
356 2643 538 2709 idolatriam
560 2646 738 2710 instituere.

237 2725 426 2796 ³Mendaoia
459 2733 550 2815 loqui
579 2742 691 2798 eontra
720 2733 903 2812 dominum,
940 2741 988 2798 est
1013 2719 1085 2817 ¹pro·
1165 2775 1173 2795 .

13 2804 15 2861 ἶ
141 2819 287 2903 phanare
310 2842 431 2884 nomen
453 2823 506 2885 dei
528 2843 586 2904 per
608 2824 746 2905 impiam
768 2824 957 2887 doctrinam.

234 2901 307 2972 4Ad
334 2909 504 2974 dominum
533 2933 599 2974 non
628 2900 779 2990 ¹clamare,
808 2917 857 2975 est
884 2912 1086 2993 prophanare

142 3018 264 3061 nomen
287 2998 340 3061 dei
363 3019 420 3083 per
443 3000 559 3063 falsam
581 3001 830 3065 invocationem.

14 3144 16 3167 .
236 3080 402 3167 ⁵Cogitare
429 3089 554 3151 malum
584 3095 694 3153 eontra
717 3088 901 3166 dominum,
933 3093 982 3152 est
1005 3089 1085 3169 cogi-

14 3174 16 3260 ᾖ
142 3181 209 3238 tare
239 3175 281 3239 de
303 3175 406 3259 impio
433 3178 519 3241 culto
542 3178 710 3241 retinendo
740 3185 772 3242 et
794 3176 1018 3261 propagando,
1050 3197 1086 3240 ae

14 3261 16 3275 '
140 3263 281 3328 includit
309 3266 564 3346 persecutionem
590 3268 696 3345 verbi,
726 3267 805 3330 item
833 3267 971 3330 abusum
997 3266 1087 3347 paois

157 3359 175 3416 =t
201 3354 400 3435 reliquorum
422 3354 597 3433 donorum,
629 3375 713 3437 quae
735 3357 829 3439 impii
852 3356 1022 3419 conferunt
1044 3353 1087 3417 ad

157 3441 309 3506 dolatriae
333 3442 564 3507 defensionem.
767 3455 769 3462 ⁴

232 3635 259 3698 1)
280 3635 307 3688 A
326 3635 381 3689 deo
398 3634 538 3691 recedere.
576 3634 603 3703 2)
633 3635 737 3704 Inique
755 3651 846 3702 egere.
882 3635 910 3704 3)
933 3635 1086 3691 Mendacio

162 3705 244 3830 >gutia
262 3704 301 3831 ἑὲ
301 3706 362 3830 1111Αὲ
363 3705 524 3833 iiidimum
542 3723 601 3763 non
615 3706 748 3762 clamare.
785 3707 813 3776 5)
834 3705 964 3776 Oogitare
977 3708 1086 3762 malurn
