<?xml version="1.0" encoding="UTF-8"?>
<!DOCTYPE html PUBLIC "-//W3C//DTD XHTML 1.0 Transitional//EN"
    "http://www.w3.org/TR/xhtml1/DTD/xhtml1-transitional.dtd">
<html xmlns="http://www.w3.org/1999/xhtml" xml:lang="en" lang="en">
 <head>
  <title>
</title>
<meta http-equiv="Content-Type" content="text/html;charset=utf-8" />
  <meta name='ocr-system' content='tesseract 3.04.00' />
  <meta name='ocr-capabilities' content='ocr_page ocr_carea ocr_par ocr_line ocrx_word'/>
</head>
<body>
  <div class='ocr_page' id='page_1' title='image "./exegeticaoperal13luthgoog_0373.png"; bbox 0 0 2575 4225; ppageno 0'>
   <div class='ocr_carea' id='block_1_1' title="bbox 426 281 1635 365">
    <p class='ocr_par' dir='ltr' id='par_1_1' title="bbox 426 281 1635 365">
     <span class='ocr_line' id='line_1_1' title="bbox 426 281 1635 365; baseline 0.001 -22"><span class='ocrx_word' id='word_1_1' title='bbox 426 283 550 343; x_wconf 63' lang='lat'><strong>3⁴32</strong></span> <span class='ocrx_word' id='word_1_2' title='bbox 1033 334 1039 338; x_wconf 85' lang='lat'><em>.</em></span> <span class='ocrx_word' id='word_1_3' title='bbox 1075 281 1289 365; x_wconf 87' lang='lat' dir='ltr'><strong>Caput</strong></span> <span class='ocrx_word' id='word_1_4' title='bbox 1335 286 1635 346; x_wconf 80' lang='lat' dir='ltr'><strong>octavum</strong></span> 
     </span>
    </p>
   </div>
   <div class='ocr_carea' id='block_1_2' title="bbox 418 456 2341 2232">
    <p class='ocr_par' dir='ltr' id='par_1_2' title="bbox 418 456 2302 719">
     <span class='ocr_line' id='line_1_2' title="bbox 418 456 2302 540; baseline -0.002 -17"><span class='ocrx_word' id='word_1_5' title='bbox 418 471 622 523; x_wconf 65' lang='lat' dir='ltr'><strong>intem</strong></span> <span class='ocrx_word' id='word_1_6' title='bbox 662 459 1115 540; x_wconf 76' lang='lat' dir='ltr'><strong>babylonicam</strong></span> <span class='ocrx_word' id='word_1_7' title='bbox 1150 459 1532 524; x_wconf 77' lang='lat' dir='ltr'><strong>vaticinium</strong></span> <span class='ocrx_word' id='word_1_8' title='bbox 1572 458 1698 525; x_wconf 88' lang='lat' dir='ltr'><strong>hoc</strong></span> <span class='ocrx_word' id='word_1_9' title='bbox 1727 457 2030 533; x_wconf 81' lang='lat' dir='ltr'><strong>referunt,</strong></span> <span class='ocrx_word' id='word_1_10' title='bbox 2080 456 2302 520; x_wconf 85' lang='lat' dir='ltr'><strong>tamen</strong></span> 
     </span>
     <span class='ocr_line' id='line_1_3' title="bbox 422 546 2300 629; baseline -0.002 -18"><span class='ocrx_word' id='word_1_11' title='bbox 422 551 681 625; x_wconf 60' lang='lat' dir='ltr'><strong>rectius,</strong></span> <span class='ocrx_word' id='word_1_12' title='bbox 740 548 908 611; x_wconf 88' lang='lat' dir='ltr'><strong>sieut</strong></span> <span class='ocrx_word' id='word_1_13' title='bbox 953 549 1290 629; x_wconf 87' lang='lat' dir='ltr'><strong>sequentia</strong></span> <span class='ocrx_word' id='word_1_14' title='bbox 1334 552 1639 628; x_wconf 82' lang='lat' dir='ltr'><strong>arguunt,</strong></span> <span class='ocrx_word' id='word_1_15' title='bbox 1695 546 1965 610; x_wconf 78' lang='lat' dir='ltr'><strong>refertur</strong></span> <span class='ocrx_word' id='word_1_16' title='bbox 2009 546 2097 608; x_wconf 87' lang='lat' dir='ltr'><strong>ad</strong></span> <span class='ocrx_word' id='word_1_17' title='bbox 2143 547 2300 609; x_wconf 85' lang='lat' dir='ltr'><strong>cala·</strong></span> 
     </span>
     <span class='ocr_line' id='line_1_4' title="bbox 422 634 2027 719; baseline -0.002 -20"><span class='ocrx_word' id='word_1_18' title='bbox 422 639 714 699; x_wconf 69' lang='lat' dir='ltr'><strong>mitatem</strong></span> <span class='ocrx_word' id='word_1_19' title='bbox 758 656 955 717; x_wconf 86' lang='lat' dir='ltr'><strong>regno</strong></span> <span class='ocrx_word' id='word_1_20' title='bbox 999 637 1201 701; x_wconf 83' lang='lat' dir='ltr'><strong>Iudae</strong></span> <span class='ocrx_word' id='word_1_21' title='bbox 1245 658 1363 719; x_wconf 91' lang='lat' dir='ltr'><strong>per</strong></span> <span class='ocrx_word' id='word_1_22' title='bbox 1405 635 1717 700; x_wconf 87' lang='lat' dir='ltr'><strong>Sanherib</strong></span> <span class='ocrx_word' id='word_1_23' title='bbox 1762 634 2027 698; x_wconf 86' lang='lat' dir='ltr'><strong>illatam.</strong></span> 
     </span>
    </p>

    <p class='ocr_par' dir='ltr' id='par_1_3' title="bbox 418 723 2306 1337">
     <span class='ocr_line' id='line_1_5' title="bbox 610 723 2306 807; baseline -0.001 -19"><span class='ocrx_word' id='word_1_24' title='bbox 610 723 630 757; x_wconf 87' lang='lat'>¹</span> <span class='ocrx_word' id='word_1_25' title='bbox 646 724 1009 790; x_wconf 76' lang='lat' dir='ltr'><strong>Similitudo</strong></span> <span class='ocrx_word' id='word_1_26' title='bbox 1070 726 1324 807; x_wconf 87' lang='lat' dir='ltr'><strong>aquilae</strong></span> <span class='ocrx_word' id='word_1_27' title='bbox 1375 732 1520 789; x_wconf 88' lang='lat' dir='ltr'><strong>tum</strong></span> <span class='ocrx_word' id='word_1_28' title='bbox 1579 725 1665 789; x_wconf 84' lang='lat' dir='ltr'><strong>ad</strong></span> <span class='ocrx_word' id='word_1_29' title='bbox 1716 723 2105 788; x_wconf 76' lang='lat' dir='ltr'><strong>celeritatem</strong></span> <span class='ocrx_word' id='word_1_30' title='bbox 2161 730 2306 787; x_wconf 90' lang='lat' dir='ltr'><strong>tum</strong></span> 
     </span>
     <span class='ocr_line' id='line_1_6' title="bbox 418 814 2304 895; baseline 0 -20"><span class='ocrx_word' id='word_1_31' title='bbox 418 815 502 875; x_wconf 50' lang='lat' dir='ltr'><strong>affl</strong></span> <span class='ocrx_word' id='word_1_32' title='bbox 554 815 903 895; x_wconf 70' lang='lat' dir='ltr'><strong>potentiam</strong></span> <span class='ocrx_word' id='word_1_33' title='bbox 957 816 1163 879; x_wconf 88' lang='lat' dir='ltr'><strong>hostis</strong></span> <span class='ocrx_word' id='word_1_34' title='bbox 1208 815 1544 879; x_wconf 86' lang='lat' dir='ltr'><strong>referenda</strong></span> <span class='ocrx_word' id='word_1_35' title='bbox 1587 820 1702 879; x_wconf 84' lang='lat' dir='ltr'><strong>est.</strong></span> <span class='ocrx_word' id='word_1_36' title='bbox 1795 814 2085 893; x_wconf 87' lang='lat' dir='ltr'><strong>Utroque</strong></span> <span class='ocrx_word' id='word_1_37' title='bbox 2127 814 2304 876; x_wconf 91' lang='lat' dir='ltr'><strong>enim</strong></span> 
     </span>
     <span class='ocr_line' id='line_1_7' title="bbox 420 902 2303 985; baseline 0.001 -23"><span class='ocrx_word' id='word_1_38' title='bbox 420 907 618 967; x_wconf 64' lang='lat' dir='ltr'><strong>vineit</strong></span> <span class='ocrx_word' id='word_1_39' title='bbox 674 904 890 985; x_wconf 82' lang='lat' dir='ltr'><strong>aquila</strong></span> <span class='ocrx_word' id='word_1_40' title='bbox 942 906 1111 969; x_wconf 89' lang='lat' dir='ltr'><strong>inter</strong></span> <span class='ocrx_word' id='word_1_41' title='bbox 1162 924 1388 968; x_wconf 88' lang='lat' dir='ltr'><strong>omnes</strong></span> <span class='ocrx_word' id='word_1_42' title='bbox 1447 923 1596 968; x_wconf 84' lang='lat' dir='ltr'><strong>aves</strong></span> <span class='ocrx_word' id='word_1_43' title='bbox 1613 952 1627 980; x_wconf 88' lang='lat'><strong>,</strong></span> <span class='ocrx_word' id='word_1_44' title='bbox 1714 908 1780 966; x_wconf 88' lang='lat' dir='ltr'><strong>et</strong></span> <span class='ocrx_word' id='word_1_45' title='bbox 1845 902 1990 965; x_wconf 90' lang='lat' dir='ltr'><strong>ideo</strong></span> <span class='ocrx_word' id='word_1_46' title='bbox 2053 902 2303 983; x_wconf 85' lang='lat' dir='ltr'><strong>regium</strong></span> 
     </span>
     <span class='ocr_line' id='line_1_8' title="bbox 422 991 2302 1074; baseline 0.001 -23"><span class='ocrx_word' id='word_1_47' title='bbox 422 1015 658 1055; x_wconf 59' lang='lat' dir='ltr'><strong>nonum</strong></span> <span class='ocrx_word' id='word_1_48' title='bbox 714 993 930 1057; x_wconf 88' lang='lat' dir='ltr'><strong>habet.</strong></span> <span class='ocrx_word' id='word_1_49' title='bbox 1054 993 1181 1057; x_wconf 86' lang='lat' dir='ltr'><strong>Sed</strong></span> <span class='ocrx_word' id='word_1_50' title='bbox 1235 994 1433 1057; x_wconf 88' lang='lat' dir='ltr'><strong>huius</strong></span> <span class='ocrx_word' id='word_1_51' title='bbox 1493 992 1652 1055; x_wconf 89' lang='lat' dir='ltr'><strong>mali</strong></span> <span class='ocrx_word' id='word_1_52' title='bbox 1695 1010 1861 1074; x_wconf 87' lang='lat' dir='ltr'><strong>quae</strong></span> <span class='ocrx_word' id='word_1_53' title='bbox 1921 1010 2117 1054; x_wconf 88' lang='lat' dir='ltr'><strong>causa</strong></span> <span class='ocrx_word' id='word_1_54' title='bbox 2163 991 2302 1054; x_wconf 72' lang='lat' dir='ltr'><strong>est?</strong></span> 
     </span>
     <span class='ocr_line' id='line_1_9' title="bbox 422 1079 2298 1164; baseline -0.001 -21"><span class='ocrx_word' id='word_1_55' title='bbox 422 1083 742 1147; x_wconf 67' lang='lat' dir='ltr'><strong>Nimirum</strong></span> <span class='ocrx_word' id='word_1_56' title='bbox 777 1084 1224 1164; x_wconf 72' lang='lat' dir='ltr'><strong>transgressio</strong></span> <span class='ocrx_word' id='word_1_57' title='bbox 1289 1082 1596 1158; x_wconf 82' lang='lat' dir='ltr'><strong>foederis,</strong></span> <span class='ocrx_word' id='word_1_58' title='bbox 1679 1086 1746 1144; x_wconf 91' lang='lat' dir='ltr'><strong>et</strong></span> <span class='ocrx_word' id='word_1_59' title='bbox 1805 1079 2066 1144; x_wconf 84' lang='lat' dir='ltr'><strong>violatio</strong></span> <span class='ocrx_word' id='word_1_60' title='bbox 2120 1079 2298 1159; x_wconf 86' lang='lat' dir='ltr'><strong>legis.</strong></span> 
     </span>
     <span class='ocr_line' id='line_1_10' title="bbox 418 1167 2304 1257; baseline 0.001 -27"><span class='ocrx_word' id='word_1_61' title='bbox 418 1171 626 1251; x_wconf 58' lang='lat' dir='ltr'><strong>Igitur</strong></span> <span class='ocrx_word' id='word_1_62' title='bbox 683 1171 800 1257; x_wconf 21' lang='lat' dir='ltr'><strong>&#39;his</strong></span> <span class='ocrx_word' id='word_1_63' title='bbox 860 1172 1163 1254; x_wconf 88' lang='lat' dir='ltr'><strong>periculis</strong></span> <span class='ocrx_word' id='word_1_64' title='bbox 1228 1172 1346 1251; x_wconf 88' lang='lat' dir='ltr'><strong>qui</strong></span> <span class='ocrx_word' id='word_1_65' title='bbox 1404 1190 1614 1235; x_wconf 87' lang='lat' dir='ltr'><strong>carere</strong></span> <span class='ocrx_word' id='word_1_66' title='bbox 1666 1170 1924 1245; x_wconf 88' lang='lat' dir='ltr'><strong>volunt,</strong></span> <span class='ocrx_word' id='word_1_67' title='bbox 1990 1169 2066 1231; x_wconf 90' lang='lat' dir='ltr'><strong>hi</strong></span> <span class='ocrx_word' id='word_1_68' title='bbox 2123 1167 2304 1231; x_wconf 86' lang='lat' dir='ltr'><strong>omni</strong></span> 
     </span>
     <span class='ocr_line' id='line_1_11' title="bbox 418 1258 2065 1337; baseline 0.001 -18"><span class='ocrx_word' id='word_1_69' title='bbox 418 1259 634 1323; x_wconf 56' lang='lat' dir='ltr'><strong>{tudio</strong></span> <span class='ocrx_word' id='word_1_70' title='bbox 679 1262 750 1324; x_wconf 92' lang='lat' dir='ltr'><strong>in</strong></span> <span class='ocrx_word' id='word_1_71' title='bbox 794 1259 865 1323; x_wconf 90' lang='lat' dir='ltr'><strong>id</strong></span> <span class='ocrx_word' id='word_1_72' title='bbox 908 1261 1295 1325; x_wconf 81' lang='lat' dir='ltr'><strong>incumbant</strong></span> <span class='ocrx_word' id='word_1_73' title='bbox 1308 1310 1325 1337; x_wconf 92' lang='lat'><strong>,</strong></span> <span class='ocrx_word' id='word_1_74' title='bbox 1383 1265 1459 1323; x_wconf 87' lang='lat' dir='ltr'><strong>ut</strong></span> <span class='ocrx_word' id='word_1_75' title='bbox 1501 1258 1810 1323; x_wconf 81' lang='lat' dir='ltr'><strong>obediant</strong></span> <span class='ocrx_word' id='word_1_76' title='bbox 1851 1258 2065 1322; x_wconf 84' lang='lat' dir='ltr'><strong>verbe.</strong></span> 
     </span>
    </p>

    <p class='ocr_par' dir='ltr' id='par_1_4' title="bbox 418 1343 2341 2232">
     <span class='ocr_line' id='line_1_12' title="bbox 610 1343 2300 1432; baseline -0.001 -21"><span class='ocrx_word' id='word_1_77' title='bbox 610 1343 634 1383; x_wconf 50' lang='grc' dir='ltr'><strong><em>Ε</em></strong></span> <span class='ocrx_word' id='word_1_78' title='bbox 646 1349 897 1413; x_wconf 88' lang='lat' dir='ltr'><strong>Foedus</strong></span> <span class='ocrx_word' id='word_1_79' title='bbox 944 1368 1094 1413; x_wconf 91' lang='lat' dir='ltr'><strong>cum</strong></span> <span class='ocrx_word' id='word_1_80' title='bbox 1132 1349 1375 1432; x_wconf 88' lang='lat' dir='ltr'><strong>populo</strong></span> <span class='ocrx_word' id='word_1_81' title='bbox 1421 1367 1539 1412; x_wconf 91' lang='lat' dir='ltr'><strong>suo</strong></span> <span class='ocrx_word' id='word_1_82' title='bbox 1569 1348 1696 1413; x_wconf 88' lang='lat' dir='ltr'><strong>tale</strong></span> <span class='ocrx_word' id='word_1_83' title='bbox 1741 1347 2077 1431; x_wconf 85' lang='lat' dir='ltr'><strong>pepigerat</strong></span> <span class='ocrx_word' id='word_1_84' title='bbox 2119 1345 2300 1423; x_wconf 86' lang='lat' dir='ltr'><strong>deus,</strong></span> 
     </span>
     <span class='ocr_line' id='line_1_13' title="bbox 422 1435 2302 1516; baseline 0.002 -21"><span class='ocrx_word' id='word_1_85' title='bbox 422 1439 590 1515; x_wconf 65' lang='lat' dir='ltr'><strong>quor]</strong></span> <span class='ocrx_word' id='word_1_86' title='bbox 642 1438 695 1499; x_wconf 69' lang='lat' dir='ltr'><strong>si</strong></span> <span class='ocrx_word' id='word_1_87' title='bbox 741 1438 1145 1502; x_wconf 74' lang='lat' dir='ltr'><strong>ambularent</strong></span> <span class='ocrx_word' id='word_1_88' title='bbox 1200 1439 1273 1501; x_wconf 90' lang='lat' dir='ltr'><strong>in</strong></span> <span class='ocrx_word' id='word_1_89' title='bbox 1317 1436 1689 1506; x_wconf 84' lang='lat' dir='ltr'><strong>obedientia</strong></span> <span class='ocrx_word' id='word_1_90' title='bbox 1727 1436 1888 1516; x_wconf 86' lang='lat' dir='ltr'><strong>legis</strong></span> <span class='ocrx_word' id='word_1_91' title='bbox 1905 1486 1919 1512; x_wconf 90' lang='lat'><strong>,</strong></span> <span class='ocrx_word' id='word_1_92' title='bbox 1975 1435 2160 1498; x_wconf 90' lang='lat' dir='ltr'><strong>omni</strong></span> <span class='ocrx_word' id='word_1_93' title='bbox 2204 1454 2302 1516; x_wconf 84' lang='lat' dir='ltr'><strong>ge-</strong></span> 
     </span>
     <span class='ocr_line' id='line_1_14' title="bbox 422 1523 2341 1602; baseline -0.003 -15"><span class='ocrx_word' id='word_1_94' title='bbox 422 1547 566 1587; x_wconf 64' lang='lat' dir='ltr'><strong>mro</strong></span> <span class='ocrx_word' id='word_1_95' title='bbox 618 1526 1075 1590; x_wconf 75' lang='lat' dir='ltr'><strong>beneficiorum</strong></span> <span class='ocrx_word' id='word_1_96' title='bbox 1118 1526 1544 1590; x_wconf 87' lang='lat' dir='ltr'><strong>cumulandos</strong></span> <span class='ocrx_word' id='word_1_97' title='bbox 1589 1544 1754 1602; x_wconf 85' lang='lat' dir='ltr'><strong>esse,</strong></span> <span class='ocrx_word' id='word_1_98' title='bbox 1815 1524 1930 1588; x_wconf 88' lang='lat' dir='ltr'><strong>sed</strong></span> <span class='ocrx_word' id='word_1_99' title='bbox 1974 1523 2302 1588; x_wconf 89' lang='lat' dir='ltr'><strong>disceden·</strong></span> <span class='ocrx_word' id='word_1_100' title='bbox 2321 1567 2341 1582; x_wconf 86' lang='grc'>,</span> 
     </span>
     <span class='ocr_line' id='line_1_15' title="bbox 422 1613 2303 1698; baseline -0.001 -21"><span class='ocrx_word' id='word_1_101' title='bbox 422 1615 594 1677; x_wconf 57' lang='lat' dir='ltr'><strong>tibus</strong></span> <span class='ocrx_word' id='word_1_102' title='bbox 642 1635 680 1676; x_wconf 71' lang='lat' dir='ltr'><strong>a</strong></span> <span class='ocrx_word' id='word_1_103' title='bbox 721 1614 862 1695; x_wconf 88' lang='lat' dir='ltr'><strong>lege</strong></span> <span class='ocrx_word' id='word_1_104' title='bbox 907 1635 1153 1697; x_wconf 87' lang='lat' dir='ltr'><strong>poenae</strong></span> <span class='ocrx_word' id='word_1_105' title='bbox 1198 1622 1408 1679; x_wconf 87' lang='lat' dir='ltr'><strong>certae</strong></span> <span class='ocrx_word' id='word_1_106' title='bbox 1453 1614 1820 1698; x_wconf 81' lang='lat' dir='ltr'><strong>propositae</strong></span> <span class='ocrx_word' id='word_1_107' title='bbox 1866 1618 2068 1677; x_wconf 88' lang='lat' dir='ltr'><strong>erant.</strong></span> <span class='ocrx_word' id='word_1_108' title='bbox 2150 1613 2303 1676; x_wconf 88' lang='lat' dir='ltr'><strong>Tale</strong></span> 
     </span>
     <span class='ocr_line' id='line_1_16' title="bbox 422 1702 2305 1784; baseline 0.002 -22"><span class='ocrx_word' id='word_1_109' title='bbox 422 1715 683 1783; x_wconf 60' lang='lat' dir='ltr'><strong>paetum</strong></span> <span class='ocrx_word' id='word_1_110' title='bbox 727 1723 878 1768; x_wconf 89' lang='lat' dir='ltr'><strong>cum</strong></span> <span class='ocrx_word' id='word_1_111' title='bbox 922 1704 1223 1784; x_wconf 87' lang='lat' dir='ltr'><strong>gentibus</strong></span> <span class='ocrx_word' id='word_1_112' title='bbox 1268 1724 1402 1768; x_wconf 91' lang='lat' dir='ltr'><strong>non</strong></span> <span class='ocrx_word' id='word_1_113' title='bbox 1447 1710 1547 1768; x_wconf 88' lang='lat' dir='ltr'><strong>est</strong></span> <span class='ocrx_word' id='word_1_114' title='bbox 1590 1703 1855 1769; x_wconf 87' lang='lat' dir='ltr'><strong>factum.</strong></span> <span class='ocrx_word' id='word_1_115' title='bbox 1908 1702 2093 1764; x_wconf 60' lang='lat' dir='ltr'><strong>“Nam</strong></span> <span class='ocrx_word' id='word_1_116' title='bbox 2138 1721 2305 1782; x_wconf 88' lang='lat' dir='ltr'><strong>quae</strong></span> 
     </span>
     <span class='ocr_line' id='line_1_17' title="bbox 418 1791 2307 1871; baseline 0.003 -21"><span class='ocrx_word' id='word_1_117' title='bbox 418 1795 502 1851; x_wconf 70' lang='lat' dir='ltr'><strong>ad</strong></span> <span class='ocrx_word' id='word_1_118' title='bbox 566 1795 810 1856; x_wconf 57' lang='lat' dir='ltr'><strong>nultum</strong></span> <span class='ocrx_word' id='word_1_119' title='bbox 866 1799 1208 1857; x_wconf 87' lang='lat' dir='ltr'><strong>externum</strong></span> <span class='ocrx_word' id='word_1_120' title='bbox 1268 1793 1634 1857; x_wconf 84' lang='lat' dir='ltr'><strong>attinebant</strong></span> <span class='ocrx_word' id='word_1_121' title='bbox 1648 1842 1662 1869; x_wconf 92' lang='lat'><strong>,</strong></span> <span class='ocrx_word' id='word_1_122' title='bbox 1726 1791 1947 1856; x_wconf 87' lang='lat' dir='ltr'><strong>omnia</strong></span> <span class='ocrx_word' id='word_1_123' title='bbox 1997 1791 2307 1871; x_wconf 84' lang='lat' dir='ltr'><strong>abrogata</strong></span> 
     </span>
     <span class='ocr_line' id='line_1_18' title="bbox 422 1879 2302 1965; baseline 0.001 -24"><span class='ocrx_word' id='word_1_124' title='bbox 422 1891 590 1955; x_wconf 57' lang='lat' dir='ltr'><strong>sunt,</strong></span> <span class='ocrx_word' id='word_1_125' title='bbox 642 1888 708 1946; x_wconf 75' lang='lat' dir='ltr'><strong>et</strong></span> <span class='ocrx_word' id='word_1_126' title='bbox 736 1888 958 1946; x_wconf 89' lang='lat' dir='ltr'><strong>tamen</strong></span> <span class='ocrx_word' id='word_1_127' title='bbox 1000 1882 1289 1965; x_wconf 90' lang='lat' dir='ltr'><strong>primum</strong></span> <span class='ocrx_word' id='word_1_128' title='bbox 1333 1887 1749 1965; x_wconf 86' lang='lat' dir='ltr'><strong>praeceptum</strong></span> <span class='ocrx_word' id='word_1_129' title='bbox 1778 1879 2138 1944; x_wconf 83' lang='lat' dir='ltr'><strong>universale</strong></span> <span class='ocrx_word' id='word_1_130' title='bbox 2186 1885 2302 1956; x_wconf 87' lang='lat' dir='ltr'><strong>est,</strong></span> 
     </span>
     <span class='ocr_line' id='line_1_19' title="bbox 421 1969 2301 2054; baseline 0 -23"><span class='ocrx_word' id='word_1_131' title='bbox 421 1983 482 2031; x_wconf 57' lang='lat' dir='ltr'><strong>et.</strong></span> <span class='ocrx_word' id='word_1_132' title='bbox 542 1971 626 2031; x_wconf 69' lang='lat' dir='ltr'><strong>ad</strong></span> <span class='ocrx_word' id='word_1_133' title='bbox 680 1991 905 2035; x_wconf 89' lang='lat' dir='ltr'><strong>omnes</strong></span> <span class='ocrx_word' id='word_1_134' title='bbox 964 1972 1261 2054; x_wconf 84' lang='lat' dir='ltr'><strong>pertinet.</strong></span> <span class='ocrx_word' id='word_1_135' title='bbox 1361 1970 1518 2034; x_wconf 91' lang='lat' dir='ltr'><strong>Ideo</strong></span> <span class='ocrx_word' id='word_1_136' title='bbox 1573 1975 1638 2033; x_wconf 89' lang='lat' dir='ltr'><strong>et</strong></span> <span class='ocrx_word' id='word_1_137' title='bbox 1697 1970 1813 2050; x_wconf 90' lang='lat' dir='ltr'><strong>qui</strong></span> <span class='ocrx_word' id='word_1_138' title='bbox 1872 1974 2104 2051; x_wconf 90' lang='lat' dir='ltr'><strong>parent</strong></span> <span class='ocrx_word' id='word_1_139' title='bbox 2160 1969 2301 2045; x_wconf 90' lang='lat' dir='ltr'><strong>deo,</strong></span> 
     </span>
     <span class='ocr_line' id='line_1_20' title="bbox 422 2057 2306 2141; baseline 0.001 -22"><span class='ocrx_word' id='word_1_140' title='bbox 422 2071 664 2124; x_wconf 57' lang='lat' dir='ltr'><strong>[remim]</strong></span> <span class='ocrx_word' id='word_1_141' title='bbox 710 2057 1113 2125; x_wconf 86' lang='lat' dir='ltr'><strong>obedientiae</strong></span> <span class='ocrx_word' id='word_1_142' title='bbox 1158 2062 1446 2124; x_wconf 87' lang='lat' dir='ltr'><strong>fructum</strong></span> <span class='ocrx_word' id='word_1_143' title='bbox 1477 2059 1701 2136; x_wconf 87' lang='lat' dir='ltr'><strong>ferent,</strong></span> <span class='ocrx_word' id='word_1_144' title='bbox 1752 2059 1867 2141; x_wconf 88' lang='lat' dir='ltr'><strong>qui</strong></span> <span class='ocrx_word' id='word_1_145' title='bbox 1913 2064 2133 2122; x_wconf 87' lang='lat' dir='ltr'><strong>autem</strong></span> <span class='ocrx_word' id='word_1_146' title='bbox 2180 2057 2306 2122; x_wconf 84' lang='lat' dir='ltr'><strong>dis-</strong></span> 
     </span>
     <span class='ocr_line' id='line_1_21' title="bbox 418 2148 1858 2232; baseline 0.002 -24"><span class='ocrx_word' id='word_1_147' title='bbox 418 2148 658 2208; x_wconf 58' lang='lat' dir='ltr'><strong>cedunt</strong></span> <span class='ocrx_word' id='word_1_148' title='bbox 700 2149 784 2212; x_wconf 89' lang='lat' dir='ltr'><strong>ab</strong></span> <span class='ocrx_word' id='word_1_149' title='bbox 833 2149 1220 2228; x_wconf 89' lang='lat' dir='ltr'><strong>obedientia,</strong></span> <span class='ocrx_word' id='word_1_150' title='bbox 1267 2169 1509 2232; x_wconf 87' lang='lat' dir='ltr'><strong>poenas</strong></span> <span class='ocrx_word' id='word_1_151' title='bbox 1557 2148 1858 2212; x_wconf 89' lang='lat' dir='ltr'><strong>sentient.</strong></span> 
     </span>
    </p>
   </div>
   <div class='ocr_carea' id='block_1_3' title="bbox 510 2340 2307 2499">
    <p class='ocr_par' dir='ltr' id='par_1_5' title="bbox 510 2340 2307 2499">
     <span class='ocr_line' id='line_1_22' title="bbox 530 2340 2307 2452; baseline 0 -48"><span class='ocrx_word' id='word_1_152' title='bbox 530 2340 642 2452; x_wconf 35' lang='grc' dir='ltr'><strong>ΑΕ</strong></span> <span class='ocrx_word' id='word_1_153' title='bbox 697 2362 818 2406; x_wconf 89' lang='lat' dir='ltr'><strong>me</strong></span> <span class='ocrx_word' id='word_1_154' title='bbox 863 2344 1360 2421; x_wconf 86' lang='lat' dir='ltr'><strong>clamabunt,</strong></span> <span class='ocrx_word' id='word_1_155' title='bbox 1407 2343 1611 2406; x_wconf 87' lang='lat' dir='ltr'><strong>deus</strong></span> <span class='ocrx_word' id='word_1_156' title='bbox 1642 2362 1892 2419; x_wconf 88' lang='lat' dir='ltr'><strong>meus,</strong></span> <span class='ocrx_word' id='word_1_157' title='bbox 1941 2341 2307 2423; x_wconf 82' lang='lat' dir='ltr'><strong>agnosci-</strong></span> 
     </span>
     <span class='ocr_line' id='line_1_23' title="bbox 510 2423 1953 2499; baseline 0.004 -6"><span class='ocrx_word' id='word_1_158' title='bbox 510 2423 542 2452; x_wconf 55' lang='lat'>*</span> <span class='ocrx_word' id='word_1_159' title='bbox 646 2451 819 2495; x_wconf 85' lang='lat' dir='ltr'><strong>mus</strong></span> <span class='ocrx_word' id='word_1_160' title='bbox 865 2439 939 2498; x_wconf 91' lang='lat' dir='ltr'><strong>te</strong></span> <span class='ocrx_word' id='word_1_161' title='bbox 986 2454 1024 2498; x_wconf 94' lang='lat' dir='ltr'><strong>o</strong></span> <span class='ocrx_word' id='word_1_162' title='bbox 1068 2433 1352 2499; x_wconf 86' lang='lat' dir='ltr'><strong>Israel.</strong></span> <span class='ocrx_word' id='word_1_163' title='bbox 1949 2454 1953 2455; x_wconf 46' lang='lat'><em>⁷</em></span> 
     </span>
    </p>
   </div>
   <div class='ocr_carea' id='block_1_4' title="bbox 414 2640 2311 3437">
    <p class='ocr_par' dir='ltr' id='par_1_6' title="bbox 418 2640 2308 2748">
     <span class='ocr_line' id='line_1_24' title="bbox 418 2640 2308 2748; baseline 0.002 -44"><span class='ocrx_word' id='word_1_164' title='bbox 418 2640 674 2748; x_wconf 67' lang='lat' dir='ltr'><strong>ssHaeo</strong></span> <span class='ocrx_word' id='word_1_165' title='bbox 717 2645 850 2707; x_wconf 87' lang='lat' dir='ltr'><strong>fere</strong></span> <span class='ocrx_word' id='word_1_166' title='bbox 894 2647 976 2708; x_wconf 87' lang='lat' dir='ltr'><strong>ab</strong></span> <span class='ocrx_word' id='word_1_167' title='bbox 1024 2647 1328 2709; x_wconf 87' lang='lat' dir='ltr'><strong>omnibus</strong></span> <span class='ocrx_word' id='word_1_168' title='bbox 1365 2646 1437 2708; x_wconf 85' lang='lat' dir='ltr'><strong>in</strong></span> <span class='ocrx_word' id='word_1_169' title='bbox 1481 2666 1626 2710; x_wconf 86' lang='lat' dir='ltr'><strong>eam</strong></span> <span class='ocrx_word' id='word_1_170' title='bbox 1671 2644 2060 2710; x_wconf 82' lang='lat' dir='ltr'><strong>sententiam</strong></span> <span class='ocrx_word' id='word_1_171' title='bbox 2116 2663 2308 2726; x_wconf 83' lang='lat' dir='ltr'><strong>expo-</strong></span> 
     </span>
    </p>

    <p class='ocr_par' dir='ltr' id='par_1_7' title="bbox 418 2732 2308 3154">
     <span class='ocr_line' id='line_1_25' title="bbox 610 2732 2308 2813; baseline 0.002 -21"><span class='ocrx_word' id='word_1_172' title='bbox 610 2737 850 2794; x_wconf 78' lang='lat' dir='ltr'><strong>nuntur</strong></span> <span class='ocrx_word' id='word_1_173' title='bbox 864 2781 879 2808; x_wconf 93' lang='lat'><strong>,</strong></span> <span class='ocrx_word' id='word_1_174' title='bbox 964 2734 1152 2813; x_wconf 83' lang='lat' dir='ltr'><strong>quasi</strong></span> <span class='ocrx_word' id='word_1_175' title='bbox 1206 2735 1445 2799; x_wconf 83' lang='lat' dir='ltr'><strong>frustra</strong></span> <span class='ocrx_word' id='word_1_176' title='bbox 1513 2736 1645 2800; x_wconf 87' lang='lat' dir='ltr'><strong>sint</strong></span> <span class='ocrx_word' id='word_1_177' title='bbox 1701 2732 2064 2808; x_wconf 80' lang='lat' dir='ltr'><strong>clamaturi,</strong></span> <span class='ocrx_word' id='word_1_178' title='bbox 2139 2733 2308 2797; x_wconf 87' lang='lat' dir='ltr'><strong>sicut</strong></span> 
     </span>
     <span class='ocr_line' id='line_1_26' title="bbox 418 2819 2304 2906; baseline 0.004 -26"><span class='ocrx_word' id='word_1_179' title='bbox 418 2840 614 2900; x_wconf 60' lang='lat' dir='ltr'><strong>supra</strong></span> <span class='ocrx_word' id='word_1_180' title='bbox 658 2819 739 2882; x_wconf 89' lang='lat' dir='ltr'><strong>de</strong></span> <span class='ocrx_word' id='word_1_181' title='bbox 779 2840 978 2901; x_wconf 88' lang='lat' dir='ltr'><strong>regno</strong></span> <span class='ocrx_word' id='word_1_182' title='bbox 1017 2822 1215 2886; x_wconf 85' lang='lat' dir='ltr'><strong>Israel</strong></span> <span class='ocrx_word' id='word_1_183' title='bbox 1259 2823 1429 2888; x_wconf 84' lang='lat' dir='ltr'><strong>dixit</strong></span> <span class='ocrx_word' id='word_1_184' title='bbox 1471 2824 1542 2888; x_wconf 92' lang='lat' dir='ltr'><strong>in</strong></span> <span class='ocrx_word' id='word_1_185' title='bbox 1588 2844 1726 2906; x_wconf 85' lang='lat' dir='ltr'><strong>cap.</strong></span> <span class='ocrx_word' id='word_1_186' title='bbox 1764 2824 1823 2886; x_wconf 90' lang='lat'><strong>5.</strong></span> <span class='ocrx_word' id='word_1_187' title='bbox 1895 2823 2066 2885; x_wconf 90' lang='lat' dir='ltr'><strong>Tum</strong></span> <span class='ocrx_word' id='word_1_188' title='bbox 2112 2839 2304 2902; x_wconf 80' lang='lat' dir='ltr'><strong>quae-</strong></span> 
     </span>
     <span class='ocr_line' id='line_1_27' title="bbox 418 2909 2304 2994; baseline 0.002 -26"><span class='ocrx_word' id='word_1_189' title='bbox 418 2916 562 2972; x_wconf 66' lang='lat' dir='ltr'><strong>rent·</strong></span> <span class='ocrx_word' id='word_1_190' title='bbox 606 2927 728 2987; x_wconf 76' lang='lat' dir='ltr'><strong>me,</strong></span> <span class='ocrx_word' id='word_1_191' title='bbox 778 2910 892 2975; x_wconf 91' lang='lat' dir='ltr'><strong>sed</strong></span> <span class='ocrx_word' id='word_1_192' title='bbox 922 2931 1056 2975; x_wconf 91' lang='lat' dir='ltr'><strong>non</strong></span> <span class='ocrx_word' id='word_1_193' title='bbox 1099 2910 1453 2976; x_wconf 87' lang='lat' dir='ltr'><strong>invenient.</strong></span> <span class='ocrx_word' id='word_1_194' title='bbox 1543 2912 1668 2976; x_wconf 84' lang='lat' dir='ltr'><strong>Sed</strong></span> <span class='ocrx_word' id='word_1_195' title='bbox 1697 2911 1838 2975; x_wconf 83' lang='lat' dir='ltr'><strong>dixi</strong></span> <span class='ocrx_word' id='word_1_196' title='bbox 1867 2923 2082 2994; x_wconf 84' lang='lat' dir='ltr'><strong>supra,</strong></span> <span class='ocrx_word' id='word_1_197' title='bbox 2129 2909 2304 2973; x_wconf 86' lang='lat' dir='ltr'><strong>hanc</strong></span> 
     </span>
     <span class='ocr_line' id='line_1_28' title="bbox 418 2997 2307 3083; baseline 0.001 -24"><span class='ocrx_word' id='word_1_198' title='bbox 418 3000 794 3063; x_wconf 66' lang='lat' dir='ltr'><strong>concinnem</strong></span> <span class='ocrx_word' id='word_1_199' title='bbox 822 3001 1080 3083; x_wconf 88' lang='lat' dir='ltr'><strong>proprie</strong></span> <span class='ocrx_word' id='word_1_200' title='bbox 1117 3001 1435 3082; x_wconf 89' lang='lat' dir='ltr'><strong>pertinere</strong></span> <span class='ocrx_word' id='word_1_201' title='bbox 1482 2999 1565 3063; x_wconf 89' lang='lat' dir='ltr'><strong>ad</strong></span> <span class='ocrx_word' id='word_1_202' title='bbox 1595 3020 1865 3082; x_wconf 89' lang='lat' dir='ltr'><strong>regnum</strong></span> <span class='ocrx_word' id='word_1_203' title='bbox 1893 2997 2077 3075; x_wconf 88' lang='lat' dir='ltr'><strong>Iuda,</strong></span> <span class='ocrx_word' id='word_1_204' title='bbox 2129 2997 2307 3080; x_wconf 90' lang='lat' dir='ltr'><strong>quod</strong></span> 
     </span>
     <span class='ocr_line' id='line_1_29' title="bbox 418 3088 1690 3154; baseline 0.002 -6"><span class='ocrx_word' id='word_1_205' title='bbox 418 3088 730 3152; x_wconf 63' lang='lat' dir='ltr'><strong>divinitus</strong></span> <span class='ocrx_word' id='word_1_206' title='bbox 775 3090 858 3152; x_wconf 86' lang='lat' dir='ltr'><strong>ab</strong></span> <span class='ocrx_word' id='word_1_207' title='bbox 902 3090 1088 3154; x_wconf 88' lang='lat' dir='ltr'><strong>hoste</strong></span> <span class='ocrx_word' id='word_1_208' title='bbox 1133 3088 1479 3153; x_wconf 87' lang='lat' dir='ltr'><strong>liberatum</strong></span> <span class='ocrx_word' id='word_1_209' title='bbox 1523 3095 1638 3153; x_wconf 86' lang='lat' dir='ltr'><strong>est.</strong></span> <span class='ocrx_word' id='word_1_210' title='bbox 1680 3142 1690 3150; x_wconf 92' lang='lat'><strong>.</strong></span> 
     </span>
    </p>

    <p class='ocr_par' dir='ltr' id='par_1_8' title="bbox 414 3175 2311 3437">
     <span class='ocr_line' id='line_1_30' title="bbox 598 3175 2304 3259; baseline 0.001 -24"><span class='ocrx_word' id='word_1_211' title='bbox 598 3176 927 3242; x_wconf 64' lang='lat' dir='ltr'><strong>Sententia</strong></span> <span class='ocrx_word' id='word_1_212' title='bbox 970 3179 1167 3258; x_wconf 88' lang='lat' dir='ltr'><strong>igitur</strong></span> <span class='ocrx_word' id='word_1_213' title='bbox 1210 3180 1371 3241; x_wconf 86' lang='lat' dir='ltr'><strong>haec</strong></span> <span class='ocrx_word' id='word_1_214' title='bbox 1417 3183 1516 3241; x_wconf 89' lang='lat' dir='ltr'><strong>est</strong></span> <span class='ocrx_word' id='word_1_215' title='bbox 1532 3227 1546 3254; x_wconf 91' lang='lat'><strong>,</strong></span> <span class='ocrx_word' id='word_1_216' title='bbox 1595 3177 1770 3259; x_wconf 89' lang='lat' dir='ltr'><strong>quod</strong></span> <span class='ocrx_word' id='word_1_217' title='bbox 1815 3195 2089 3257; x_wconf 85' lang='lat' dir='ltr'><strong>regnum</strong></span> <span class='ocrx_word' id='word_1_218' title='bbox 2134 3175 2304 3238; x_wconf 87' lang='lat' dir='ltr'><strong>Iuda</strong></span> 
     </span>
     <span class='ocr_line' id='line_1_31' title="bbox 418 3263 2311 3350; baseline 0.003 -27"><span class='ocrx_word' id='word_1_219' title='bbox 418 3264 498 3324; x_wconf 70' lang='lat' dir='ltr'><strong>ab</strong></span> <span class='ocrx_word' id='word_1_220' title='bbox 530 3266 791 3344; x_wconf 55' lang='lat' dir='ltr'><strong>mayrio</strong></span> <span class='ocrx_word' id='word_1_221' title='bbox 822 3272 1129 3331; x_wconf 83' lang='lat' dir='ltr'><strong>vexatum</strong></span> <span class='ocrx_word' id='word_1_222' title='bbox 1161 3273 1464 3347; x_wconf 84' lang='lat' dir='ltr'><strong>agnoscet</strong></span> <span class='ocrx_word' id='word_1_223' title='bbox 1497 3272 1869 3350; x_wconf 64' lang='lat' dir='ltr'><strong>peccatum,</strong></span> <span class='ocrx_word' id='word_1_224' title='bbox 1902 3270 1968 3328; x_wconf 92' lang='lat' dir='ltr'><strong>et</strong></span> <span class='ocrx_word' id='word_1_225' title='bbox 1997 3263 2311 3328; x_wconf 86' lang='lat' dir='ltr'><strong>clamabit</strong></span> 
     </span>
     <span class='ocr_line' id='line_1_32' title="bbox 414 3352 2302 3437; baseline 0.003 -25"><span class='ocrx_word' id='word_1_226' title='bbox 414 3352 498 3412; x_wconf 71' lang='lat' dir='ltr'><strong>ad</strong></span> <span class='ocrx_word' id='word_1_227' title='bbox 534 3355 726 3416; x_wconf 60' lang='lat' dir='ltr'><strong>tle-um</strong></span> <span class='ocrx_word' id='word_1_228' title='bbox 771 3374 888 3437; x_wconf 87' lang='lat' dir='ltr'><strong>pro</strong></span> <span class='ocrx_word' id='word_1_229' title='bbox 917 3354 1313 3432; x_wconf 89' lang='lat' dir='ltr'><strong>liberatione,</strong></span> <span class='ocrx_word' id='word_1_230' title='bbox 1362 3361 1428 3419; x_wconf 93' lang='lat' dir='ltr'><strong>et</strong></span> <span class='ocrx_word' id='word_1_231' title='bbox 1457 3353 1812 3420; x_wconf 86' lang='lat' dir='ltr'><strong>servabitur</strong></span> <span class='ocrx_word' id='word_1_232' title='bbox 1831 3404 1846 3431; x_wconf 95' lang='lat'><strong>,</strong></span> <span class='ocrx_word' id='word_1_233' title='bbox 1895 3354 2064 3417; x_wconf 90' lang='lat' dir='ltr'><strong>sieut</strong></span> <span class='ocrx_word' id='word_1_234' title='bbox 2107 3353 2302 3418; x_wconf 53' lang='lat' dir='ltr'><strong>histo‘</strong></span> 
     </span>
    </p>
   </div>
   <div class='ocr_carea' id='block_1_5' title="bbox 422 3496 847 3506">
    <p class='ocr_par' dir='ltr' id='par_1_9' title="bbox 422 3496 847 3506">
     <span class='ocr_line' id='line_1_33' title="bbox 422 3496 847 3506; baseline 0 719"><span class='ocrx_word' id='word_1_235' title='bbox 422 3496 847 3506; x_wconf 95' lang='lat' dir='ltr'><strong> </strong></span> 
     </span>
    </p>
   </div>
   <div class='ocr_carea' id='block_1_6' title="bbox 602 3564 2004 3634">
    <p class='ocr_par' dir='ltr' id='par_1_10' title="bbox 602 3564 2004 3634">
     <span class='ocr_line' id='line_1_34' title="bbox 602 3564 2004 3634; baseline 0.001 -18"><span class='ocrx_word' id='word_1_236' title='bbox 602 3564 654 3632; x_wconf 74' lang='lat'><strong>1]</strong></span> <span class='ocrx_word' id='word_1_237' title='bbox 690 3565 917 3634; x_wconf 86' lang='lat' dir='ltr'><strong>Aquila.</strong></span> <span class='ocrx_word' id='word_1_238' title='bbox 989 3565 1047 3634; x_wconf 79' lang='lat'><strong>2)</strong></span> <span class='ocrx_word' id='word_1_239' title='bbox 1086 3565 1314 3621; x_wconf 85' lang='lat' dir='ltr'><strong>Foedus</strong></span> <span class='ocrx_word' id='word_1_240' title='bbox 1350 3565 1445 3621; x_wconf 92' lang='lat' dir='ltr'><strong>dei</strong></span> <span class='ocrx_word' id='word_1_241' title='bbox 1483 3581 1612 3620; x_wconf 90' lang='lat' dir='ltr'><strong>cum</strong></span> <span class='ocrx_word' id='word_1_242' title='bbox 1649 3564 1864 3634; x_wconf 86' lang='lat' dir='ltr'><strong>populo</strong></span> <span class='ocrx_word' id='word_1_243' title='bbox 1899 3567 2004 3618; x_wconf 88' lang='lat' dir='ltr'><strong>etc.</strong></span> 
     </span>
    </p>
   </div>
   <div class='ocr_carea' id='block_1_7' title="bbox 602 3759 1978 3829">
    <p class='ocr_par' dir='ltr' id='par_1_11' title="bbox 602 3759 1978 3829">
     <span class='ocr_line' id='line_1_35' title="bbox 602 3759 1978 3829; baseline 0.001 -15"><span class='ocrx_word' id='word_1_244' title='bbox 602 3760 650 3824; x_wconf 63' lang='lat' dir='ltr'><strong>*J</strong></span> <span class='ocrx_word' id='word_1_245' title='bbox 687 3759 759 3814; x_wconf 92' lang='lat' dir='ltr'><strong>In</strong></span> <span class='ocrx_word' id='word_1_246' title='bbox 793 3775 968 3829; x_wconf 80' lang='lat' dir='ltr'><strong>marg.</strong></span> <span class='ocrx_word' id='word_1_247' title='bbox 1008 3761 1135 3818; x_wconf 87' lang='lat' dir='ltr'><strong>coll.</strong></span> <span class='ocrx_word' id='word_1_248' title='bbox 1172 3761 1326 3816; x_wconf 89' lang='lat' dir='ltr'><strong>Ien.:</strong></span> <span class='ocrx_word' id='word_1_249' title='bbox 1371 3762 1607 3819; x_wconf 84' lang='lat' dir='ltr'><strong>Summa</strong></span> <span class='ocrx_word' id='word_1_250' title='bbox 1641 3761 1815 3818; x_wconf 82' lang='lat' dir='ltr'><strong>huius</strong></span> <span class='ocrx_word' id='word_1_251' title='bbox 1850 3760 1978 3816; x_wconf 88' lang='lat' dir='ltr'><strong>loci.</strong></span> 
     </span>
    </p>
   </div>
  </div>
 </body>
</html>
