2575 4225
43 297 53 309 ·
114 321 117 328 -
210 270 281 351 aas
553 272 659 353 Caput
681 260 838 335 sextum'.

207 448 394 535 Respondet
421 447 510 514 enim
537 450 696 532 propheta
723 447 819 511 tacite
849 446 1048 523 obiectioui,'
1073 450 1156 528 quic
1275 466 1276 527 5

208 543 298 606 'enim
319 545 427 603 unus
449 539 579 603 divitias
601 537 757 601 bonitatis
774 541 807 599 et
819 535 1057 599 misericordiae
1073 539 1153 600 suae
1274 556 1276 595 ς

209 631 290 694 deus
310 626 433 711 populo
455 626 532 690 novi
552 626 739 690 testamenti
761 630 829 687 crat
850 625 1042 702 donaturus,
1067 626 1153 688 iniu-
1274 628 1276 663 1

207 720 257 783 ria
284 717 407 799 populo
436 717 518 796 legis
545 716 716 780 videbatur
746 713 829 790 fieri,
857 713 918 794 'qui
944 714 1033 777 hisce
1055 713 1153 777 donis
1204 738 1212 753 ·

208 803 338 872 amieo.
384 805 448 869 Sed
462 803 578 885 'inquit
598 805 773 887 prophetc;
802 803 893 865 nulla
907 802 1005 867 nobis
1032 803 1154 865 iniuria

208 897 254 973 dt
277 893 380 959 mittit
402 893 491 957 enim
512 894 593 957 deus
615 893 789 976 prophetas
811 910 896 955 suos.
938 890 1070 955 Horum
1084 912 1154 956 vers

207 982 288 1049 bum
311 1002 370 1047 ceu
392 981 525 1046 dolabra
548 989 605 1059 est,
629 980 854 1063 ut'prasdicct
875 979 968 1056 vicia,
992 980 1073 1042 du'm
1091 982 1154 1043 mia

209 1070 449 1155 natur-poenas
471 1070 709 1154 peccatoribus,
733 1076 766 1133 et
787 1088 897 1134 veram
920 1068 974 1132 dei
995 1065 1154 1133 noticiam

207 1181 247 1227 co
266 1160 360 1228 veros
383 1162 488 1225 cultus
515 1160 665 1224 ostendit.
959 1158 961 1162 ’

208 1272 234 1288 ··
295 1248 386 1313 Haec
406 1250 636 1332 pulcherrima
673 1246 843 1311 ministerii
880 1246 1052 1329 desoriptIo
1091 1248 1150 1325 est,

208 1336 297 1421 quod
320 1334 471 1402 omnibus
494 1337 694 1419 temporibus
716 1337 780 1399 iuit
801 1337 837 1398 in
856 1331 1017 1399 ecclesia.1
1060 1336 1151 1399 Com·

208 1435 339 1511 paratur
362 1428 450 1491 enim
473 1427 632 1503 dolabrae,
656 1446 723 1490 non
746 1426 851 1489 solum
874 1424 962 1505 quod
983 1444 1042 1506 per
1055 1426 1153 1488 mini-

209 1518 343 1581 sterium
365 1516 455 1581 verbi
477 1521 661 1578 resecantur
683 1532 765 1594 quae
789 1514 909 1578 viciose
922 1520 1008 1591 sunt,
1033 1514 1091 1577 scd
1105 1532 1154 1577 re*

208 1613 346 1680 novamr
373 1610 406 1667 et
435 1610 640 1685 regeneratur
666 1603 778 1679 homo,
797 1608 851 1675 ,ut
879 1603 937 1683 qui
967 1607 1063 1665 antea.
1092 1624 1155 1675 ceu

207 1694 287 1757 rude
315 1701 348 1765 et
368 1690 537 1766 nodosum
562 1691 854 1773 lignumaspcctu
883 1689 1013 1767 foedus,
1046 1697 1079 1755 et
1109 1692 1153 1754 ad

209 1780 291 1865 opus
314 1780 367 1845 dci
388 1782 518 1863 ineptus
541 1788 618 1858 erat,
642 1800 729 1843 nuno
752 1780 846 1861 quasi
867 1779 1024 1859 levigatus
1045 1786 1078 1843 et
1095 1798 1152 1863 po—

206 1871 300 1949 litus,
330 1872 482 1953 praebeat
504 1890 539 1934 se
560 1870 622 1933 deo
643 1869 850 1949 fingendum,
881 1867 1090 1932 formandum
1120 1876 1155 1933 et

207 1960 421 2041 ,sculpendum
442 1959 485 2024 ad
507 1965 634 2022 sanctos
657 1978 745 2021 usus.
797 1974 807 1994 ³
862 1990 865 1995 ·

207 2078 343 2195 'Saepe
365 2089 475 2149 autom
497 2080 621 2146 dictum
650 2088 715 2160 est,
745 2080 925 2146 doctrinam
952 2080 988 2146 in
1016 2083 1154 2148 ecclesia

287 2187 356 2236 esse
382 2172 556 2253 duplicem.
606 2173 675 2234 Lex
708 2171 864 2247 ostendit,
901 2169 982 2251 quid
1016 2172 1098 2236 deus
1132 2191 1156 2235 a

207 2257 302 2325 nobis
325 2261 448 2341 exiget,
480 2267 514 2323 et
534 2260 633 2323 sinml
654 2257 807 2342 proponit
827 2277 949 2341 poenas
978 2258 1154 2342 transgres-

208 2351 343 2415 soribus.
377 2345 467 2412 {Ideo
483 2348 706 2412 ⁴ministerium
734 2349 815 2430 legis
844 2343 1005 2430 appulsu
1031 2350 1155 2414 Paulus

207 2433 425 2505 ministerium
446 2438 569 2515 mortis,
593 2454 661 2501 non
684 2437 788 2501 solum
806 2435 894 2517 quod
908 2437 951 2499 ed
965 2438 1068 2502 vitam
1084 2456 1151 2502 non

205 2529 350 2610 prodest,
374 2527 432 2592 sed
453 2527 542 2608 quod
564 2546 640 2590 cum
662 2526 884 2608 Ρθθωῗθῖῑωῧ
906 2545 1012 2616 Poeffl
1025 2529 1152 2618 pemati
1274 2593 1275 2616 1

206 2619 373 2698 proposita
393 2617 446 2691 sit,
470 2618 542 2696 ipsa
564 2633 661 2691 mors,
684 2616 739 2678 lex
760 2633 843 2695 quae
863 2616 987 2696 peccati
1002 2613 1062 2679 nos
1078 2634 1150 2680 con·

207 2705 323 2779 vincit,
352 2704 565 2778 occisuros,
597 2704 660 2766 hoc
683 2710 740 2780 est,
765 2704 871 2784 arguit
886 2701 952 2767 ‘nos
968 2721 1054 2768 reos
1082 2705 1156 2788 esse-

207 2792 330 2868 mortis‚
355 2797 389 2854 et
410 2791 508 2854 simul
530 2787 651 2869 monet
675 2813 718 2854 ne
741 2793 942 2856 cumulemus
965 2793 1060 2857 nobis
1078 2813 1155 2876 poe»

205 2899 268 2943 ‘nas
290 2885 324 2944 ct
345 2880 429 2943 iram
451 2879 518 2955 dei,
548 2879 605 2943 sed
628 2880 848 2944 abstineamus
871 2881 912 2943 ab
935 2880 990 2958 iis,
1019 2889 1155 2964 propter

210 2983 293 3050 quse
315 2970 405 3033 venit
426 2969 475 3033 ira
497 2968 550 3032 dei
572 2986 670 3051 super
691 2969 774 3033 filios
797 2965 1068 3034 inobedientiae*
1090 2982 1097 2995 ·

297 3059 393 3121 Hanc
430 3058 594 3122 doctrinae
631 3063 757 3140 partem
795 3058 955 3139 significat
992 3059 1156 3142 prophetav
1273 3073 1274 3080 ’

205 3165 282 3209 cum
304 3147 399 3210 dicit:
435 3147 580 3210 Occido
606 3142 674 3210 cos
704 3167 774 3228 per
803 3143 927 3211 verbe
952 3149 1033 3212 oris
1061 3149 1148 3211 mei.
1273 3151 1274 3156 ’

208 3236 269 3298 Est
289 3239 399 3297 autom
422 3235 601 3298 necessaria
621 3237 703 3299 haec
725 3235 889 3299 doctrinas
904 3253 979 3318 pars
998 3234 1152 3301 ecclesiis.

25 3367 28 3370 -
50 3408 53 3412 ι
206 3317 374 3404 Numqui
396 3330 528 3404 peccate
549 3343 610 3387 suc
631 3342 698 3388 nou
720 3325 849 3402 vident,
875 3324 977 3388 securi
1000 3332 1094 3403 sunt,
1117 3331 1150 3388 et-

31 3419 56 3492 ’ζ
84 3446 86 3449 -
205 3413 346 3494 gratiam
380 3418 608 3489 contemnunt,
643 3432 765 3495 neque.
783 3433 929 3494 unquam
963 3414 1006 3476 ad
1039 3411 1142 3479 ueram

45 3495 51 3504 ’
206 3501 439 3583 poenitentiam
454 3501 621 3577 accedunt,
645 3501 729 3587 sicut
744 3503 985 3584 pharisaeorum
1000 3503 1141 3584 exempla

203 3692 208 3698 ’
297 3675 325 3740 1)
344 3675 474 3729 Verbum
492 3680 673 3744 comparatur
691 3675 833 3730 dolabrae.
871 3673 899 3744 2)
912 3675 1051 3730 Doctrina
1068 3677 1133 3743 legis

81 3706 122 3839 3
206 3743 236 3812 a)
255 3744 280 3798 e.
302 3743 364 3798 cor.
383 3745 409 3798 3.
446 3745 474 3812 4)
493 3747 585 3814 Ephe.
603 3746 629 3800 5.
