2575 4225
429 252 555 315 Hoseae
577 254 762 334 prophetae.
1000 255 1063 319 213

212 428 266 491 Ad
288 429 376 493 hunc
403 430 538 493 modum
566 431 710 512 psalmus
734 432 786 495 45.
819 439 993 513 postquam
1023 432 1064 495 de
1164 434 1168 445 “

125 518 252 581 Christo
285 538 359 597 rege
393 525 426 582 et
454 519 601 596 ecclesia,
632 540 689 601 per
719 540 874 602 sponsum
903 520 1067 584 Christum

126 608 249 687 egregie
272 614 398 683 ornata,
429 609 637 672 concionatus
660 615 723 686 est,
756 610 847 674 addit
875 610 1065 673 exhortatio-

125 716 199 758 nem
223 691 398 760 similem:¹
431 696 519 761 Audi
541 698 624 774 filia,
648 698 732 775 vide,
757 705 789 761 et
811 698 931 761 inclina
954 718 1065 761 aurem

124 791 226 861 tuam,
250 786 313 848 hoc
336 791 394 863 est,
418 787 463 849 sis
486 786 613 849 intenta
634 787 670 849 in
689 789 824 851 verbum
839 788 1006 868 evangelii,
1030 787 1065 849 id

124 874 235 950 retine,
260 894 320 937 nec
343 880 375 937 te
397 875 520 956 patiare
543 876 585 939 ab
604 896 641 938 so
658 876 783 953 abduci,
809 877 993 942 obliviscere
1010 897 1064 958 po·

125 964 193 1045 puli
216 962 282 1039 tui,
307 969 340 1026 ct
361 963 477 1027 domus
500 965 601 1046 patris
623 965 689 1041 tui,
719 966 781 1028 hoc
804 971 865 1042 est,
903 985 994 1042 cave,
1025 985 1066 1027 ne

125 1072 199 1115 oum
223 1072 388 1133 synagoga
409 1059 441 1116 te
460 1053 646 1133 coniungas,
672 1073 754 1133 quae
770 1053 972 1134 evangelium
988 1053 1065 1119 abii-

125 1141 168 1204 cit
197 1146 230 1205 et
258 1141 476 1221 persequitur,
506 1142 634 1205 discede
665 1143 706 1205 ab
736 1163 789 1221 ea,
821 1149 854 1205 et
880 1142 1066 1205 obliviscere

124 1230 219 1292 istius
242 1230 478 1293 coniunctionis
501 1231 653 1307 carnalis,
683 1251 766 1311 quae
794 1232 878 1294 inter
904 1252 961 1295 vos
992 1231 1068 1307 fuit,

124 1319 316 1399 priusquam
338 1319 464 1383 venires
486 1320 528 1381 ad
557 1320 773 1401 cognitionem
797 1320 924 1383 Christi:
970 1321 1066 1383 Hanc

123 1408 302 1488 prophetae
340 1428 451 1472 vocem
484 1409 602 1471 Paulus
641 1415 769 1473 secutus
807 1415 870 1485 est,
911 1430 986 1471 cum
1024 1409 1066 1471 ad

123 1496 205 1557 Phil.
232 1490 282 1557 3.²
310 1496 403 1573 dicit,
435 1517 468 1559 se
491 1499 601 1560 omnia
630 1519 688 1579 pro
716 1500 907 1561 stercoribus
936 1499 1064 1574 habere,

124 1605 200 1666 prae
229 1586 286 1647 illa
315 1586 470 1649 eminenti
498 1586 681 1666 cognitione
712 1586 830 1650 Christi
861 1594 894 1649 et
920 1588 1065 1651 iusticias

125 1674 203 1737 eius.
251 1676 299 1737 Ac
322 1671 479 1757 propheta
500 1676 562 1738 hoc
584 1676 619 1737 in
641 1678 712 1757 loco
735 1678 834 1753 iubet,
859 1682 897 1738 ut
911 1676 1065 1755 reliquiae

125 1764 326 1826 credentium
348 1784 389 1825 ex
410 1764 539 1826 Iudaeis
562 1765 620 1827 tali
642 1765 751 1827 animo
775 1765 841 1827 sint
863 1784 938 1843 erga
966 1765 1064 1827 incre·

15 1873 45 1919 :·
125 1852 237 1915 dulam
260 1872 467 1933 synagogam,
492 1853 648 1934 praecipit
669 1854 757 1915 enim
772 1853 913 1915 iudicate
928 1858 1066 1915 matrem

124 1947 275 2017 vestram,
300 1941 448 2005 iudicate.

215 2030 378 2092 Ebraeum
393 2032 527 2094 verbum
545 2032 649 2109 ,Ribu‘
674 2032 745 2095 etsi·
757 2033 856 2111 μέσον
872 2037 929 2107 est,
954 2036 1064 2093 tamen

125 2119 237 2182 durius
262 2120 431 2199 significat,
455 2141 531 2184 cum
552 2122 588 2182 in
610 2122 731 2184 malam
754 2127 880 2202 partem
899 2121 1016 2202 accipit
1058 2168 1063 2182 .

125 2209 357 2290 Complectitur
387 2210 475 2271 enim
502 2216 534 2273 et
562 2211 799 2274 accusationem
828 2215 860 2272 et
889 2210 1065 2272 damnatio·

125 2318 211 2373 nem,
237 2297 321 2360 sicut
343 2299 442 2360 etiam
464 2305 627 2378 utrunque
649 2300 807 2380 propheta
829 2299 883 2362 hic
906 2299 993 2371 facit,
1018 2318 1065 2361 ac-

126 2393 217 2450 cusat
239 2392 418 2468 peccatum,
443 2394 475 2450 et
497 2408 617 2468 poenas
639 2389 791 2450 minatur.

168 2565 200 2626 ai
224 2571 349 2641 autem,
384 2565 527 2646 inquies,
563 2571 674 2628 manet
701 2565 755 2628 hic
785 2564 961 2630 reverentia
991 2583 1066 2643 erga

192 2653 366 2734 parentes?
396 2655 480 2716 Nam
502 2655 561 2716 filii
583 2655 735 2718 iubentur
757 2660 894 2718 matrem
918 2673 1066 2716 accusare

15 2798 18 2829 r
99 2748 157 2806 ·et
188 2743 365 2817 damnare?
398 2744 465 2806 Nec
492 2744 575 2807 levia
605 2743 740 2806 crimina
768 2750 859 2820 sunt,
891 2763 972 2823 quae
996 2763 1066 2823 pro·

15 2850 17 2914 t
125 2832 225 2911 pheta
258 2831 313 2896 hic
339 2838 578 2895 commemorat.
631 2833 720 2909 Non,
752 2832 876 2912 inquit,
908 2838 957 2894 est
983 2851 1066 2893 uxor

125 2926 293 2996 maanes
316 2939 375 3000 ego
397 2921 532 2984 maritus
555 2921 640 2997 eius,
665 2921 727 2983 hoc
749 2927 814 2996 est,
839 2926 887 2982 est
911 2920 1063 2980 adultera.

15 3034 30 3086 r,
125 3009 248 3073 Notum
271 3015 381 3072 autem
403 3015 460 3085 est,
485 3009 565 3089 quid
581 3010 739 3090 propheta
753 3014 845 3071 vocet
860 3007 1064 3070 adulterium.

15 3114 16 3117 ’
124 3100 178 3159 An
200 3118 269 3160 non
290 3098 389 3177 igitur
411 3099 599 3178 parentibus
620 3099 674 3160 ille
697 3099 800 3160 honor
823 3095 991 3159 habendus
1008 3101 1064 3172 est,

124 3194 162 3251 ut
189 3193 341 3266 tegantur
370 3206 481 3249 eorum
509 3188 665 3268 peccata?
693 3186 757 3248 Cur
781 3185 881 3265 igitur
909 3186 1067 3266 propheta

124 3270 273 3340 hortatur
295 3276 472 3352 ecclesiam,
495 3282 534 3338 ut
555 3282 668 3356 arguat
690 3281 858 3357 peccatum
881 3275 1009 3348 matris,
1035 3276 1067 3333 et

182 3366 282 3428 libere
305 3364 544 3444 reprehendat?

220 3447 446 3548 ³Responde0:
481 3453 622 3516 Debetur
644 3454 832 3535 parentibus
858 3452 977 3526 honos,
1010 3449 1066 3512 sed

217 3662 244 3730 1)
263 3664 359 3716 Locus
382 3663 454 3729 psal.
474 3661 516 3717 45.
554 3661 582 3731 2)
601 3662 674 3716 Phil.
694 3662 719 3715 3.
756 3661 783 3726 3)
805 3661 851 3716 An
876 3665 1011 3728 parentes
1035 3659 1067 3712 li-

175 3738 189 3787 t
206 3733 361 3788 accusare?
572 3772 576 3774 v
