2575 4225
445 317 571 382 Hosene
594 320 779 402 prophetae.
1020 322 1084 385 427

140 499 395 570 commoventur,
420 515 487 559 non
510 496 649 576 amplius
673 497 776 559 securi
799 504 883 573 sunt,
908 499 965 562 sed
989 500 1085 562 anxie

140 583 408 666 circumspiciunt
440 582 481 647 de
503 585 627 648 salute.
686 585 775 647 Siout
812 592 900 666 patet
938 604 979 650 ex
1015 588 1085 651 loco
1155 580 1167 649 ἶ
1194 588 1195 591 ’
1236 620 1238 627 ,

12 691 18 700 ·
141 679 204 736 act.
231 668 279 735 2¹
308 693 382 735 eum
411 672 453 735 ad
475 674 606 736 Petrum
636 673 764 737 dicunt:
811 674 898 748 Quid
929 663 1085 741 faciemus

140 760 204 824 viri
226 760 366 824 fratres?
388 762 500 826 Petrus
523 768 632 825 autem
655 763 842 844 respondet:
867 764 962 844 Agite
977 766 1083 847 poeni⁴

139 849 295 926 tentiam,
338 855 372 913 et
411 850 591 932 bsptisetur
624 851 848 932 unusquisque
882 854 918 916 in
952 855 1085 917 nomine

140 938 239 1002 Ihesu
263 938 381 1002 Christi
403 939 445 1001 ad
467 940 690 1003 remissionem
712 946 926 1021 peccatorum.

232 1027 284 1089 Ad
307 1027 395 1093 hune
417 1028 554 1092 modum
576 1029 735 1111 propheta
757 1028 811 1091 hio
834 1047 962 1110 quoque
986 1030 1081 1094 dicit:

13 1147 15 1196 ‡
139 1116 225 1179 Cum
251 1116 322 1197 ipse
351 1117 469 1197 rugiet,
504 1117 671 1198 pavebunt
703 1117 763 1179 filii
796 1117 838 1180 ad
866 1118 1108 1205 Occidentem„

13 1201 14 1212 ’
140 1206 226 1268 Item
259 1206 413 1286 Aegyptii
449 1212 483 1269 et
515 1206 650 1286 Assyrii.
709 1206 791 1269 Cum
828 1206 917 1269 enim
955 1226 1083 1271 securae

13 1321 15 1370 L
138 1299 268 1357 mentes
291 1293 438 1371 audiunt,
462 1314 529 1358 non
550 1295 735 1376 contingere
751 1295 888 1359 salutem
903 1296 967 1360 nisi
980 1297 1083 1380 bapti-

139 1382 220 1445 satis
243 1388 277 1446 et
298 1380 502 1447 credentibus
524 1384 561 1447 in
581 1404 704 1447 nomen
727 1384 862 1461 Christi,
892 1405 965 1451 vere
988 1406 1082 1467 exps-

13 1501 15 1524 ι
138 1477 284 1548 veneunt,
309 1471 404 1536 et-de
427 1473 530 1536 salute
552 1478 629 1536 sunt
651 1472 789 1537 solliciti.
1223 1526 1254 1549 ¹,

231 1559 295 1623 Sed
317 1560 353 1623 in
375 1581 412 1624 eo
440 1581 570 1643 quoque
600 1562 780 1626 similitudo
808 1561 891 1626 belle
921 1562 1080 1639 convenit,
1201 1620 1202 1625 ,

137 1648 229 1730 quod
251 1649 303 1713 leo
324 1670 391 1713 non
413 1651 495 1713 solet
516 1650 631 1731 rugire,
657 1651 720 1714 nisi
736 1670 811 1714 oum
826 1650 980 1731 praedam
994 1656 1083 1715 tenet

137 1738 303 1819 unguibus
333 1744 366 1802 et
393 1738 512 1816 laniat,
543 1760 621 1802 nam
652 1738 802 1803 dominus
833 1744 941 1803 noster
968 1740 1081 1803 lhesus

13 1897 16 1920 ᾗ
117 1868 120 1872 f
137 1826 287 1892 Christus
301 1832 376 1909 post
390 1828 509 1892 victam
523 1834 671 1905 mortem,
695 1833 769 1909 post
791 1832 978 1909 superatum
995 1828 1081 1891 Sata-

13 1921 15 1936 *
137 1936 231 1992 nem,
267 1922 342 1997 post
370 1916 534 1980 infernum
569 1916 781 1993 destructum,
817 1916 905 1979 huno
938 1917 1081 1997 rugitum

136 2005 298 2084 evangelii
321 2005 372 2068 sui
394 2005 512 2082 edidit,
543 2026 618 2069 cum
641 2006 737 2070 iussit
753 1999 936 2088 ‘apostolos2
963 2005 1009 2068 ire
1039 2006 1081 2069 ed

135 2113 252 2158 omnes
275 2100 396 2175 gentes,
421 2101 454 2158 et
474 2094 658 2177 praedicare
682 2095 718 2158 iu
738 2116 796 2160 suo
819 2094 950 2159 nomine
972 2096 1080 2177 poeni-

135 2183 276 2249 tentiam
298 2190 331 2248 et
352 2185 576 2248 remissionem
599 2189 826 2266 peecatorum.''

136 2303 212 2417 Cve
235 2312 344 2370 autem
367 2309 468 2372 utitur
491 2309 704 2373 similitudine
728 2309 836 2372 avium
859 2315 891 2371 et
922 2308 1081 2372 columba-

194 2417 269 2459 rum
292 2397 498 2460 leniturum?
523 2397 610 2474 Ideo,
634 2403 672 2462 ut
695 2397 845 2461 ostendat
866 2403 1022 2477 tanquam
1045 2398 1081 2458 in

137 2485 274 2564 pictura,
298 2487 372 2567 quis
394 2486 511 2549 mundi
534 2492 636 2549 status
660 2486 798 2572 sitente
821 2487 908 2548 hunc
926 2486 1078 2566 rugitum.

137 2573 224 2636 Nam
246 2580 422 2655 antequam
445 2574 602 2655 evangelii
630 2575 826 2656 praedicatio
854 2574 1011 2650 insonuit,
1041 2574 1079 2636 si-

136 2662 226 2725 milis
249 2663 313 2726 fuit
339 2663 480 2727 mundus
511 2663 624 2727 avibus
652 2669 685 2726 et
714 2663 871 2727 columbis
899 2659 1006 2726 secure
1035 2683 1080 2725 se·

136 2749 293 2815 dentibus
316 2753 352 2815 in
375 2759 479 2835 pastu.
532 2747 621 2815 ³Etsi
644 2753 732 2816 enim
756 2754 823 2818 sint
845 2752 988 2815 diversae
1011 2753 1080 2814 reli-

135 2839 267 2919 giones,
298 2846 409 2905 tamen
432 2841 551 2922 singuli
574 2861 607 2904 se
630 2841 665 2903 id
689 2842 781 2922 sequi
803 2842 962 2916 iudicent,
993 2841 1081 2920 quod

137 2949 252 2993 verum
275 2935 308 2994 et
330 2931 467 2994 salutare
483 2931 535 2993 sit.
574 2930 750 3002 Differebat
765 2931 869 2993 cultus
886 2930 1081 2991 Graecorum

136 3018 319 3095 aRomano,
329 3020 370 3082 ab
381 3017 864 3100 utroqueAegyptius,singulae
873 3017 961 3079 enim
969 3023 1079 3096 gentes

135 3127 232 3169 suam
254 3108 418 3190 propriam
439 3108 624 3170 habuerunt
637 3107 835 3188 religionem,
860 3125 1079 3184 necunquam

136 3195 256 3258 soliciti
279 3197 319 3258 de
342 3217 379 3261 eo
402 3199 543 3273 fuerunt,
567 3197 754 3259 fallerentur
776 3216 817 3258 ne
841 3215 883 3257 an
905 3195 993 3256 non?

120 3301 131 3310 ·
227 3284 355 3349 Accidit
377 3285 484 3366 igitur,
509 3285 596 3367 quod
620 3283 766 3348 Christus
789 3285 824 3346 in
848 3283 1011 3363 evangelio
1034 3282 1078 3343 di·

148 3366 214 3435 ritt⁴
241 3374 346 3438 Fortis
362 3374 443 3437 dum
457 3380 546 3438 tenet
569 3373 688 3436 atrium
704 3393 809 3449 suum,
834 3373 944 3436 omnia
960 3372 1028 3432 eius
1044 3371 1079 3432 in

148 3476 216 3525 tace
240 3467 334 3540 sunt,
364 3463 421 3527 sed
444 3483 519 3527 cum
549 3463 639 3527 venit
666 3461 777 3526 fortior
806 3467 838 3524 et
865 3460 966 3524 vineit
993 3479 1079 3534 eum,

160 3551 228 3615 ruit
251 3570 327 3625 eum
350 3552 447 3616 armis
470 3552 588 3633 quibus
611 3550 740 3626 fidebat,
771 3557 803 3613 et
825 3549 942 3624 dividit
965 3548 1078 3630 spolie.

227 3726 254 3794 1)
273 3726 336 3780 Aet.
355 3725 381 3780 2.
418 3725 445 3793 2)
464 3725 532 3780 Luc.
550 3721 594 3779 24.
631 3723 659 3793 3)
679 3723 806 3778 Mundus
825 3739 877 3792 per
894 3723 1081 3789 'evangelium

172 3797 277 3852 rbstur.
315 3796 344 3865 4)
363 3798 430 3853 Luc.
450 3796 493 3882 ll.
989 3797 995 3802 “

1143 0 1184 87 ’Ῐῖὲὶέ
