2575 4225
196 239 259 300 146
545 233 658 295 Versio
680 233 781 294 latina

193 418 262 478 eius
296 413 421 476 Iezreel.
480 411 641 486 Quoniam
679 409 786 472 adhuc
819 409 984 472 modicum
1018 417 1068 473 est
1102 418 1138 474 et

193 505 331 568 visitabo
354 501 526 580 sanguines
549 499 665 562 Iezreel
692 518 788 580 super
817 497 951 561 domum
974 499 1071 576 Iehu,
1103 507 1139 564 et

193 594 306 656 delebo
328 610 463 670 regnum
491 589 607 651 domus
636 588 743 650 Israel.
791 588 951 666 Frangam
980 589 1068 650 enim
1099 589 1136 652 in

147 701 153 710 ’
193 684 246 745 die
269 682 324 747 illa
347 698 457 742 arcum
479 679 577 740 Israel
600 678 636 739 in
659 677 740 741 valle
763 676 887 738 Iezreel.

283 771 325 833 Et
347 787 456 830 rursus
478 767 533 828 illa
555 766 739 847 concipiens
754 765 882 847 peperit
893 765 1002 827 filiam.
1033 766 1136 830 Dixit·

193 880 256 940 que
280 859 321 921 ad
344 878 429 932 eum,
453 876 531 919 voca
551 875 671 917 nomen
694 855 762 917 eius
785 854 830 916 Lo
846 854 1002 934 Ryhamo.
1050 855 1137 928 Quia

193 955 268 1031 post
300 949 363 1010 hac
397 967 464 1008 non
497 944 671 1006 miserebor
705 944 845 1025 amplius
879 943 995 1006 domus
1023 945 1134 1020 Israel,

193 1039 326 1101 omnino
361 1056 428 1098 non
461 1053 593 1115 paream
627 1034 666 1094 ei.
733 1027 874 1094 ¹Domus
907 1038 1017 1094 autem
1051 1033 1138 1096 Iuda

192 1126 350 1190 miserebo
374 1130 406 1187 et
428 1123 557 1186 salvabo
581 1141 653 1184 eam
676 1141 733 1202 per
748 1121 918 1184 dominum
938 1120 1036 1183 deum
1052 1123 1134 1200 eius,

194 1224 226 1280 et
248 1237 314 1279 non
338 1213 467 1277 salvabo
491 1231 563 1273 eam
585 1229 642 1292 per
665 1229 784 1286 arcum,
809 1230 875 1273 non
897 1229 955 1291 per
977 1209 1134 1289 gladium,

194 1326 261 1368 non
306 1323 363 1385 per
407 1301 542 1375 bellum,
590 1320 656 1362 non
700 1320 758 1381 per
803 1318 916 1380 equos,
965 1319 1031 1361 non
1077 1320 1137 1381 per

193 1386 347 1473 equites²
826 1465 828 1474 y

287 1475 349 1542 ⁸Et
371 1477 541 1541 oblectavit
554 1478 600 1540 Lo
616 1479 772 1558 Ryhamo.
784 1497 820 1540 ac
836 1477 982 1558 concepit
1004 1495 1136 1540 rursum

194 1577 227 1634 et
248 1568 374 1651 peperit
400 1567 518 1643 filium,
554 1573 587 1630 et
609 1566 702 1642 dixit,
738 1586 816 1630 voca
846 1585 965 1628 nomen
994 1566 1063 1630 eius
1086 1567 1136 1630 Lo

194 1659 313 1722 Amini.
361 1656 522 1731 Quoniam
544 1675 600 1718 vos
629 1676 696 1717 non
724 1655 863 1737 populus
893 1674 994 1731 meua,
1026 1675 1134 1736 neque

194 1770 252 1829 ego
275 1752 379 1811 vester
391 1765 464 1807 ero.

643 1993 685 2055 Π.

197 2133 311 2246 *Ean
334 2145 443 2200 autem
470 2155 624 2210 numerus
647 2135 787 2197 filiorum
809 2135 907 2198 Israel
930 2136 1013 2199 sicut
1035 2158 1135 2201 arena

278 2227 386 2300 maria,
410 2245 492 2305 quae
515 2245 574 2287 nec
596 2225 864 2310 mensurarinec
891 2228 1055 2289 numerari
1077 2249 1133 2308 po-

194 2320 265 2377 test.
313 2315 355 2376 Et
377 2315 438 2377 erit
458 2314 494 2375 in
515 2314 584 2376 loco
606 2313 642 2374 in
666 2332 730 2391 quo
760 2313 885 2375 dictum
907 2314 953 2376 eis
976 2321 1033 2391 cst,
1064 2336 1135 2379 non

193 2404 331 2485 populus
354 2423 446 2466 meus
468 2422 534 2479 voa,
558 2402 605 2464 ibi
628 2402 752 2465 dicetur
775 2402 835 2478 eis,
867 2403 925 2465 filii
949 2402 1001 2465 dei
1023 2404 1132 2467 viven-

192 2495 243 2556 tis.
291 2494 333 2555 Et
367 2491 644 2573 congregabuntur
678 2490 736 2551 filii
769 2491 851 2552 Iuda
885 2496 917 2554 et
950 2492 1009 2555 filii
1031 2494 1134 2556 lsrael

114 2594 117 2601 “
193 2582 298 2657 simul,
323 2588 356 2645 et
370 2582 567 2645 constituent
581 2582 645 2643 sibi
661 2585 758 2660 caput
777 2574 910 2641 unum⁵
959 2582 1001 2645 Et
1023 2602 1134 2645 ascen-

193 2670 272 2732 dent
294 2670 334 2731 de
357 2677 449 2745 terra,
474 2670 551 2749 quia
572 2688 718 2750 magnus¹
741 2668 809 2731 dies
832 2664 975 2732 Iezreel.⁶
1024 2671 1132 2733 Dicite

193 2758 346 2820 fratribus
361 2759 484 2834 vestris,
508 2760 646 2840 populus
663 2776 764 2833 meus,
782 2763 814 2820 et
829 2760 988 2822 sororibus
1003 2760 1130 2837 vestris²

192 2846 443 2912 miscricordiam
466 2854 645 2911 consecuta.

286 2930 446 3000 ⁷Iudicate
469 2943 606 3000 matrem
628 2945 778 3014 vestram,
802 2938 950 3015 iudicate,
976 2939 1133 3019 quoniam

282 3146 308 3214 1)
331 3148 478 3201 Promittit
494 3148 600 3202 domui
618 3148 692 3201 Iuda
716 3148 915 3203 liberationem
940 3148 977 3202 ab
1000 3146 1132 3215 Assyrio.

192 3217 220 3285 2)
240 3217 295 3271 Sed
314 3234 366 3285 per
390 3220 524 3284 angelum
548 3224 726 3287 pugnantem
748 3236 801 3288 pro
818 3220 942 3273 Ezechia
967 3222 995 3273 et
1013 3218 1132 3284 popule.

191 3289 219 3359 3)
239 3290 282 3342 De
301 3302 461 3358 synagogae
479 3290 598 3343 interitu
616 3306 668 3357 per
680 3292 826 3345 Romanos
837 3291 971 3359 loquitur.
999 3288 1027 3355 4)
1049 3288 1134 3343 Com·

191 3361 343 3415 minationi
368 3360 524 3428 corporalis
550 3376 674 3429 poenae,
702 3360 818 3415 subiicit
844 3362 1066 3429 promissionem
1090 3360 1135 3423 ¹de

192 3431 841 3571 sanaturatarraconae
858 3430 1132 3559 misrru-

192 3577 275 3641 stros,
294 3520 391 3643 amini,
415 3546 446 3627 et’
463 3588 574 3628 sorores
591 3544 712 3643 vestros,
737 3522 882 3643 ryha’mXc
920 3576 947 3643 7)
972 3574 1135 3641 Ptophetia

193 3648 291 3697 contra
300 3644 477 3699 incredulam
487 3645 902 3715 synagogam,quce0hristum
914 3645 1135 3711 aevangelium

51 3707 100 3811 {²}ss
192 3715 284 3769 noluit
302 3714 445 3782 amplecti.
1057 3714 1062 3719 '
