2575 4225
894 263 1147 326 Hoseae
1193 265 1563 346 prophetae.
2037 268 2073 328 5
2089 268 2165 328 13

273 439 671 552 *Μιτεὼίὶὶε
702 441 933 503 harum
982 440 1365 504 concionum
1395 441 1719 505 conclusio
1749 441 1909 504 haec
1941 452 2053 520 est?
2109 452 2169 506 et.

497 531 805 593 inusitata
873 529 1377 611 propemodum,
1451 530 1564 593 sed
1637 531 1802 593 mire
1877 540 2029 612 apta
2105 540 2169 596 et

279 621 699 695 conveniens,
779 619 835 681 si
893 619 1195 700 respicias
1254 623 1320 681 et
1379 618 1462 680 ad
1516 619 1696 682 verbi
1754 627 2049 684 naturam
2109 632 2169 684 et

276 709 628 780 hominum
658 727 887 770 meree.
979 708 1268 788 Apparet
1297 708 1584 770 Hoseam
1628 708 1913 789 primurn
1949 712 2165 784 wiese,

277 799 400 878 qui
459 797 540 871 de
608 797 790 876 regni
844 796 1180 859 Israelitici
1234 796 1593 860 vastatione
1656 817 1772 878 per
1829 800 2169 876 Assyrium

282 889 506 950 futura
562 885 875 951 nuncium
931 885 1232 948 attulerit.
1328 885 1496 958 Quia
1553 890 1771 948 autem
1814 888 1945 949 suli
2009 892 2165 948 leru-

279 977 477 1039 beam
521 974 695 1037 felici
738 994 884 1054 rege
925 975 1195 1037 florebat
1237 994 1510 1053 regnum
1553 975 1768 1051 Israel,
1818 975 2173 1038 dementati

277 1083 584 1128 successu
627 1063 925 1126 homines
966 1063 1378 1126 somniabant
1421 1068 1801 1146 perpetuam
1847 1084 1989 1128 eam
2037 1068 2169 1124 seli-

278 1154 543 1217 citatem
567 1203 581 1230 ,
641 1152 994 1233 prophetae
1041 1157 1258 1215 autem
1314 1152 1526 1214 minas
1581 1153 1981 1216 securissime
2029 1176 2169 1216 eeu*

278 1241 681 1305 temnebant.
1342 1304 1345 1307 ,

466 1331 612 1392 Hoc
670 1329 848 1394 videt
905 1329 1222 1411 propheta
1239 1379 1253 1406 ‚
1312 1336 1377 1392 et
1437 1329 1771 1394 consolans
1827 1350 1893 1393 se
1953 1340 2173 1392 centra

282 1420 483 1482 istam
530 1419 939 1481 securitatem
986 1418 1086 1480 sui
1115 1418 1342 1500 populi
1385 1419 1457 1481 in
1501 1420 1672 1482 hanc
1702 1439 1925 1483 vocem
1973 1440 2169 1480 crum-

284 1509 420 1590 pit:
484 1507 645 1580 Quis
691 1507 949 1588 sapiens
995 1513 1062 1570 et
1105 1507 1420 1587 intelliget
1470 1508 1676 1571 haec‘?
1767 1508 1965 1582 Quasi
2013 1512 2173 1572 {lice-⁷

287 1603 415 1660 ret:
496 1596 701 1659 Maior
753 1616 904 1677 pars
964 1597 1190 1677 popuii
1250 1597 1433 1660 stulti
1479 1602 1660 1673 sunt,
1723 1597 2173 1660 dementantur

288 1685 616 1768 praesenti
675 1685 961 1761 fortuna,
1019 1691 1447 1748 contemnunt
1498 1686 1743 1761 minas,
1818 1685 2061 1748 doen-5121
2073 1708 2171 1748 arn

284 1774 621 1837 abiiciunt.
715 1774 807 1835 Hi
863 1793 1017 1836 sane
1077 1779 1346 1856 pereant
1363 1823 1377 1850 ‚
1448 1793 1600 1836 cum
1659 1774 1873 1836 doceri
1950 1776 2173 1836 nolint

219 1871 233 1877 “
287 1864 504 1926 Erunt
559 1869 781 1926 tamen
826 1862 1029 1942 aliqui
1074 1863 1397 1944 sapientes
1418 1912 1431 1938 ‚
1462 1900 1465 1907 ‹
1497 1863 1611 1943 qui
1655 1863 2013 1940 intelligent
2061 1864 2177 1924 has

284 1952 504 2015 minas
552 1972 685 2014 non
731 1971 869 2014 esse
899 1971 1117 2014 vanas.
1209 1952 1416 2031 Igitur
1457 1951 1897 2014 humiliabunt
1945 1972 2009 2012 se
2057 1956 2177 2012 suh

289 2041 547 2123 potenti
569 2060 770 2102 manu
785 2040 910 2117 dei,¹
937 2040 1454 2122 deprecabuntur
1467 2041 1726 2103 veniam
1748 2054 2173 2123 peccaterum,

286 2137 360 2194 et
405 2150 520 2211 spe
565 2130 769 2193 futuri
814 2130 1107 2193 sacrificii
1151 2150 1267 2210 pro
1314 2131 1594 2211 peccatis
1611 2180 1625 2207 ,
1683 2133 2181 2194 consolatum-atur

290 2240 363 2283 se
407 2220 479 2281 in
525 2219 908 2282 comunibus
959 2218 1069 2299 [sic
1087 2218 1122 2299 Ι]
1174 2219 1677 2283 calamitatibus,¹

486 2303 849 2371 ¹Usitatum
909 2314 1125 2371 autem
1172 2313 1270 2370 est
1321 2308 1392 2370 in
1439 2309 1770 2389 scriptura,
1817 2329 2041 2373 vocare
2089 2329 2177 2369 ss-

291 2397 548 2480 pientes
596 2403 660 2460 et
704 2396 1072 2478 prudentes,
1123 2397 1237 2478 qui
1269 2398 1745 2479 amplectuntur
1791 2403 1856 2460 et
1901 2421 2177 2461 swero-11-

296 2493 405 2550 tur
460 2486 760 2561 verbum,
834 2506 947 2549 seu
1007 2485 1203 2548 deum
1259 2479 1552 2549 timent.²
1680 2486 1861 2550 Sicut
1925 2493 2181 2549 temnus.

289 2576 482 2639 stulti
534 2580 843 2638 vocantur
856 2624 869 2650 ,
942 2576 1057 2654 qui
1115 2575 1362 2637 abiecto
1417 2576 1645 2638 timore
1703 2574 1810 2637 dei
1869 2585 1933 2637 est
1993 2577 2181 2637 verbs}

296 2684 518 2729 secure
585 2663 952 2743 indulgent
1002 2663 1465 2745 cupiditatibus
1553 2670 1618 2728 et
1685 2664 1913 2727 studiis
1993 2669 2181 2725 huius

294 2752 535 2815 mundi
552 2802 565 2829 ,
607 2753 790 2815 “nihil
844 2752 1076 2816 soliciti
1132 2753 1212 2815 de
1267 2753 1364 2815 ira
1410 2761 1486 2818 ‘et
1537 2754 1776 2817 iudicio
1837 2755 1957 2817 dei.
1977 2749 1997 2785 3
2105 2757 2186 2817 Et

298 2849 523 2905 tamen
569 2842 625 2905 si
670 2841 815 2921 quis
860 2842 1028 2904 inter
1074 2842 1434 2922 sapientem
1479 2849 1544 2905 et
1586 2843 1965 2923 prudentem
2021 2845 2189 2905 wiet-

297 2931 695 3010 distinguere
714 2980 727 3006 ‚
785 2931 1199 3011 prudentiam
1257 2931 1503 2998 tribuat
1553 2932 1722 2993 vitae
1782 2936 1847 2994 et
1897 2933 2185 2993 moribus

300 3018 662 3082 secundum
693 3019 961 3082 verbum
994 3018 1100 3081 dei
1130 3018 1462 3097 institutis,
1517 3013 1937 3100 4sapientiam
1973 3029 2181 3081 aufem

300 3107 458 3169 fidei
519 3113 584 3170 et
627 3127 811 3171 verae
857 3106 963 3169 dei
1009 3108 1302 3171 noticiae.
1396 3108 1753 3172 Coniuncta
1810 3109 1985 3170 enim
2033 3113 2189 3169 hacc

304 3201 489 3273 sunt,
549 3201 616 3258 et
669 3216 923 3277 semper
977 3216 1196 3261 veram
1247 3196 1447 3261 fidem
1502 3197 1790 3277 sequitur
1848 3207 2065 3261 sancta
2117 3221 2188 3261 sc

299 3286 430 3347 deo
475 3290 656 3365 grata
699 3285 848 3348 vita.

488 3513 542 3581 1)
583 3513 897 3584 Sapientes,
958 3514 1014 3582 2)
1054 3514 1240 3567 Stulti.
1300 3513 1356 3580 3)
1393 3512 1722 3568 Prudentia.
1784 3512 1840 3581 4)
1881 3517 2185 3581 Sapientis.

489 3726 539 3794 ⁸¹)
578 3726 649 3779 In
685 3743 860 3794 marg.
902 3725 1034 3781 coll.v
1064 3728 1210 3781 Ien.:
1279 3728 1626 3784 Perversum
1659 3728 1856 3796 populi
1901 3729 2191 3781 iudicimu,

398 3842 576 3883 Lutheri
603 3852 698 3892 opp.
728 3846 897 3892 exeget.
954 3843 1049 3885 Vol.
1077 3843 1229 3886 XXIV.
1806 3835 1873 3890 33
