2575 4225
468 252 567 317 Ozeae
589 253 775 335 prophetae.
1071 257 1092 318 9

152 436 203 494 eet
236 430 298 493 sub
328 429 460 493 nomine
483 431 543 493 Dei
572 430 678 493 iacere
707 436 819 495 eontra
839 431 983 513 primum
1005 450 1092 513 prae·

151 524 301 599 ceptum,
325 517 361 581 id
384 525 446 582 est:
471 519 552 582 illud
574 519 679 583 facere
701 540 769 583 non
791 520 826 583 in
848 518 923 597 fide,
947 519 1034 601 quod
1056 527 1092 595 tu

151 628 211 689 pro
234 608 324 671 eultu
347 606 400 669 dei
423 612 454 669 te
477 607 581 673 iacere
604 608 709 689 fingis.

562 768 685 831 Israhel

149 842 338 962 metropolis
361 881 426 947 fuit
446 882 620 964 aliquando
643 882 743 963 regui.

242 968 461 1051 Spectandum
484 977 533 1035 eet
546 973 650 1049 nobis,
674 980 713 1035 ut
727 972 964 1053 simplicissime
978 973 1092 1037 intelli·

148 1076 268 1137 gamus
282 1056 460 1137 messiam,
485 1081 527 1122 ex
544 1080 610 1141 qua
624 1062 677 1126 vel
690 1061 759 1125 sola
772 1061 947 1142 intelliges
971 1068 1093 1141 quanta

148 1145 215 1208 fide
254 1146 353 1209 fuerit
385 1149 440 1211 hic
473 1150 639 1230 propheta.
698 1149 783 1223 Quia
816 1149 858 1212 ad
891 1150 1091 1232 impietatem

13 1276 14 1279 κ
147 1254 262 1299 versus
285 1235 349 1304 fuit
370 1236 461 1314 Iehu,
485 1244 659 1319 postquam
679 1238 762 1301 bene
784 1238 921 1303 fecisset.
966 1238 1093 1320 Incepit

146 1324 213 1387 hoc
236 1323 297 1387 sub
320 1326 473 1391 Zacharia
495 1327 655 1409 abnepote
669 1328 752 1390 Iehu
766 1334 800 1391 et
813 1326 942 1392 durarit
956 1328 1090 1411 afflictio

139 1412 242 1493 regni
264 1414 432 1494 usquead
455 1416 692 1497 captivitatem:
717 1447 760 1463 —-
835 1456 847 1479 ,-

371 1634 373 1641 ,
423 1566 427 1571 “
501 1567 542 1629 In
565 1564 620 1629 illa
642 1561 734 1657 die¹;

238 1680 296 1743 hic
328 1682 538 1763 prophetatur
570 1683 706 1746 verbum
739 1682 830 1759 fidei,
866 1702 931 1763 quo
964 1684 1090 1747 moneri

147 1768 339 1839 debuissent
371 1770 597 1853 poenitentiae.
649 1770 809 1840 Praediait
840 1772 1023 1837 vastitatem
1057 1778 1090 1835 et

146 1858 230 1921 deus
253 1858 310 1923 dat
323 1858 591 1923 benedictionem.
629 1859 819 1925 Haereticus
834 1880 909 1940 ergo
924 1866 981 1938 est¹
1006 1880 1087 1924 com·

13 2035 17 2044 ,
145 1946 299 2011 buraturi
347 1947 410 2011 Sed
432 1947 512 2040 uiuit
533 1954 643 2012 tamen
665 1949 801 2012 verbum
824 1948 876 2011 dei
899 1956 958 2013 etc.

420 2098 522 2182 Super
544 2079 680 2164 domum
699 2093 811 2163 Iehu.²

117 2235 123 2242 '
237 2224 406 2288 Nescimus
430 2225 573 2290 activene
597 2245 639 2288 an
667 2225 795 2306 passive
824 2225 999 2306 accipiatur
1028 2246 1088 2289 nec

143 2317 339 2378 suoourrunt
371 2312 539 2390 historiae,
575 2333 618 2378 an
652 2314 715 2377 ista
748 2313 864 2377 domus
891 2313 1013 2378 fuderit
1037 2316 1089 2379 vel

145 2421 245 2484 passa
268 2400 311 2464 sit
332 2420 429 2466 suum
451 2401 546 2464 fundi
561 2404 762 2482 sanguinem.
808 2402 890 2466 Iehu
905 2423 962 2465 rex
983 2404 1088 2467 bonus

145 2489 228 2566 fuit,
264 2509 324 2552 nec
357 2496 468 2553 tamen
502 2489 572 2571 ipse
606 2497 663 2556 aut
695 2491 755 2554 ulli
776 2492 833 2554 alii
854 2511 944 2572 reges
966 2492 1088 2554 Israhel

7 2582 23 2626 ⁴:
147 2577 336 2641 abiecerunt
357 2578 475 2642 vitulos
499 2598 611 2643 aureos
634 2600 710 2643 cum
732 2600 792 2643 suo
814 2581 913 2657 cultu,
937 2581 1087 2661 sineque

145 2667 310 2749 putabant
341 2687 478 2747 regnum
511 2673 594 2731 stare
628 2689 696 2732 non
729 2689 824 2750 posse
857 2675 917 2732 etc.
969 2668 1088 2735 Sensus

146 2775 223 2836 ergo
246 2761 330 2819 esto:
357 2755 439 2820 Iehu
462 2756 654 2836 sanguinem
682 2777 778 2821 suum
805 2757 927 2822 fudisse
957 2764 1088 2839 propter

145 2845 266 2910 vitulos
288 2844 324 2906 in
338 2845 464 2909 Iesreel.
510 2845 601 2908 Haec
623 2846 793 2928 prophetia
807 2845 1005 2913 incredibilis
1020 2853 1088 2910 erat

8 2936 14 2963 ³
146 2932 237 3014 quod
261 2933 381 2998 seilicet
403 2953 539 3014 regnum
562 2935 776 2997 auferendum
790 2942 875 2998 esset
889 2955 947 3017 per
968 2933 1087 3016 impios

145 3041 247 3101 reges,
273 3021 360 3102 quod
383 3021 462 3086 deus
477 3022 559 3085 Iehu
579 3023 779 3105 promiserat.
824 3021 897 3086 Non
912 3028 1088 3105 potuerunt

147 3109 278 3174 credere
302 3109 404 3174 donec
427 3110 593 3174 sentirent.
639 3111 697 3176 Ais
712 3119 822 3175 tamen
838 3118 870 3174 et
891 3111 956 3194 ipsi
976 3111 1087 3175 Hiero·

145 3198 245 3262 boam
267 3197 383 3261 datum
405 3206 454 3263 est
475 3219 496 3262 a
518 3199 579 3262 deo
598 3219 736 3280 regnum
757 3200 903 3262 israhel?
947 3202 1086 3283 Respon-

146 3287 225 3351 deo:
242 3305 356 3351 verum
371 3294 428 3366 est,
446 3287 502 3351 sed
518 3308 593 3351 cum
608 3287 792 3353 conditione
807 3309 933 3370 semper
947 3289 1085 3370 adiecta:

198 3375 312 3440 feceris
334 3377 534 3442 voluntatem
556 3397 673 3441 meam.
710 3378 868 3458 'Regnum
889 3377 973 3442 Iuda
994 3377 1086 3442 Davi·

180 3485 196 3528 s
231 3471 290 3540 est,
325 3465 415 3544 quod
448 3466 490 3528 ad
524 3465 689 3530 Christum
722 3465 869 3548 pervenit
901 3465 1085 3540 aeternum
1184 3488 1193 3497 ⁸

180 3573 283 3634 gnum
317 3556 427 3618 autem
465 3553 587 3617 Israhel
615 3554 667 3617 'ad
706 3555 854 3636 Assyrios
893 3554 1086 3619 translatum

236 3729 264 3797 1)
283 3721 317 3784 (τ’
330 3728 355 3782 5.
368 3692 375 3727 ⁷
394 3726 422 3796 2)
441 3745 467 3784 v.
486 3720 512 3782 4,
613 3716 617 3727 ’
