2575 4225
466 267 594 331 35ss
1124 265 1336 348 Caput
1378 270 1678 329 octavum

466 443 791 507 tritionem
835 442 1162 524 praecedit
1205 441 1527 526 superbia,
1574 446 1648 505 et
1683 446 1835 507 ante
1877 442 2140 506 ruinam
2177 445 2347 510 exalss

466 543 636 595 tatur
678 532 962 613 spiritus.
1052 532 1258 595 Auxit
1284 537 1506 595 autem
1533 530 1840 596 Israelitis
1869 532 2171 595 animum
2208 554 2346 597 suc·

462 640 676 683 cessus
722 620 1034 685 fortunati
1076 621 1244 700 regis
1287 619 1639 684 Ierobeam.

639 708 765 772 Sed
810 728 1009 789 quam
1053 710 1286 774 misere
1331 709 1576 773 fallitur
1619 707 1947 773 mundus?
2021 711 2353 776 Victorias

462 811 594 859 tam
646 799 1004 880 praeclaras
1058 798 1219 862 deus
1278 798 1638 861 misericors
1694 818 1892 878 regno
1935 799 2137 862 Israel
2196 820 2346 864 con·

462 893 750 964 cesserat,
797 893 874 951 ut
917 894 1085 952 esset
1128 887 1581 968 tranquillitas,
1628 893 1694 951 et
1737 887 2036 951 ecclesiae
2076 888 2161 951 de
2191 909 2351 953 vero

458 975 562 1039 dvi
618 977 793 1040 cultu
848 983 1115 1060 possent
1171 976 1415 1052 doceri,
1475 982 1677 1056 utque
1735 996 1945 1058 poena
2003 976 2348 1042 idolatriae

462 1087 574 1147 pm*
626 1065 1093 1147 poenitentiam
1148 1064 1621 1147 praecideretur
1640 1114 1654 1141 ‚
1724 1084 1870 1129 vere
1931 1066 2111 1129 enim
2178 1066 2347 1131 deus

458 1175 590 1215 mn
632 1154 773 1219 vult
814 1160 1091 1218 mortem
1135 1154 1504 1236 peccatoris,
1553 1153 1667 1217 sed
1712 1160 1788 1217 ut
1831 1161 2239 1219 convertatur
2277 1163 2351 1220 et

458 1247 649 1307 vivat.
729 1243 854 1306 Sed
898 1244 1090 1325 impii
1126 1244 1443 1319 homines,
1494 1248 1738 1323 quanto
1766 1243 2036 1307 florebat
2064 1264 2346 1325 regnum

458 1335 683 1411 magis,
729 1338 912 1396 tanto
954 1331 1420 1395 incumbebant
1463 1332 1693 1411 magis.
1715 1332 1787 1398 in
1831 1332 2217 1411 idolatriam,
2277 1341 2347 1397 et

458 1420 955 1485 contemnebant
996 1421 1285 1486 verbum.
1380 1420 1789 1495 Quaerebant
1831 1421 2197 1485 vicinorum
2250 1443 2343 1486 re·

458 1531 614 1587 gum
655 1509 1021 1573 amiciciam
1037 1559 1053 1587 ,
1108 1515 1174 1573 et
1217 1510 1538 1591 praesidia
1554 1559 1569 1587 ,
1619 1529 1695 1572 ac
1737 1528 1808 1573 se
1850 1510 1945 1573 ita
1987 1510 2346 1575 credebant

458 1609 628 1663 tutas
673 1598 829 1676 fore,
876 1598 933 1661 si
977 1598 1138 1680 quid
1175 1598 1489 1661 incideret
1517 1598 1785 1663 adversi.
1862 1599 2042 1663 Haec
2073 1607 2346 1681 peccata

458 1691 517 1747 ln·
530 1711 578 1751 :c
602 1691 669 1751 in
691 1688 833 1751 loco
855 1687 1172 1770 propheta
1194 1689 1546 1765 en‘umerat,
1563 1687 2002 1751 etvastitatem
2023 1689 2338 1754 minatur.

630 1778 905 1841 mustris
973 1783 1192 1841 autem
1267 1777 1474 1857 figura
1547 1782 1674 1852 est,
1750 1776 1930 1858 ‚quod
2006 1786 2347 1860 comparat

454 1865 756 1929 Israelem
810 1866 1071 1948 impuro
1122 1865 1294 1941 vasi,
1364 1863 1539 1945 quod
1607 1883 1800 1928 nemo
1868 1866 2149 1947 appetit,
2223 1868 2342 1931 sed

458 1955 673 2019 atatim
719 1954 943 2019 abiicit
957 2004 973 2032 ,
1037 1974 1187 2018 cum
1231 1954 1304 2017 in
1358 1973 1593 2017 manus
1644 1953 1825 2019 venit
1841 2002 1857 2031 ‚
1919 1955 2011 2017 sic
2067 1956 2344 2037 proiecti

454 2049 711 2126 prnpter
754 2043 1121 2108 idolatriam
1166 2064 1205 2106 a
1247 2043 1370 2106 deo
1387 2093 1401 2121 ‚
1463 2042 1660 2107 etiam
1699 2043 1873 2107 inter
1919 2049 2141 2124 gentes
2190 2064 2339 2108 con·

458 2132 881 2212 t..=mptissime
924 2133 1352 2198 habebantur.

546 2308 754 2428 Qvia
798 2308 1339 2374 ascenderunt
1383 2310 1480 2373 ad
1526 2313 1805 2387 Assur,
1871 2311 2179 2375 similes
2226 2332 2339 2375 er·

660 2399 877 2462 ranti
930 2400 1170 2463 ferae.
1264 2400 1649 2482 Ephraim
1695 2399 2090 2465 conduxit
2133 2418 2338 2464 ama·

546 2500 781 2565 toreS,
852 2490 1094 2553 etiam
1150 2496 1427 2570 gentes
1497 2489 2081 2554 conduxerunt.
2173 2491 2335 2554 Ita-

544 2596 697 2656 que
743 2578 1128 2658 colligam
1184 2596 1342 2656 eas,
1406 2583 1480 2642 et
1533 2585 1992 2642 atterentur
2048 2579 2334 2660 paula·

546 2668 681 2726 tim
726 2666 1100 2746 oppressi
1145 2684 1184 2728 a
1227 2686 1412 2746 rege
1459 2674 1536 2730 et
1578 2667 2108 2748 principibus.

462 2840 668 2952 ³Hcc
712 2841 999 2924 primum
1043 2848 1382 2924 peccatum
1439 2850 1537 2909 est
1551 2895 1565 2922 ‚
1624 2844 1800 2926 quod
1854 2845 2041 2908 obliti
2097 2843 2207 2908 dei
2266 2840 2337 2909 et

510 2927 511 2931 ’
575 2935 576 2938 ’
635 2932 813 3014 legis,
862 2931 1235 2996 nitebantur
1255 2934 1549 3014 gentium
1578 2932 1935 3016 praesidiis.
2013 2932 2119 2996 Sic
2149 2932 2334 2997 enim

454 3024 538 3096 fit*
586 3021 702 3084 ubi
745 3021 984 3084 fiducia
1026 3019 1099 3084 in
1144 3021 1341 3084 deum
1387 3023 1625 3086 amissa
1669 3029 1783 3100 est,
1833 3022 2206 3102 confugitur
2245 3023 2334 3086 ad

450 3112 734 3173 humana
786 3110 1046 3173 auxilia.
1139 3109 1218 3172 Id
1278 3118 1498 3175 autern
1554 3119 1751 3194 caput
1803 3111 2139 3174 idolatriae
2208 3118 2328 3188 est,

450 3208 514 3260 st
558 3204 893 3280 ¹peccatum
938 3204 1160 3263 contra
1203 3201 1492 3281 primum
1536 3206 1970 3282 praeceptum,
2020 3219 2152 3281 quo
2187 3220 2331 3281 pro·

450 3288 704 3352 hilffltur
750 3287 1021 3350 aliorum
1068 3286 1337 3351 deorum
1384 3291 1613 3367 cultus,
1660 3291 1786 3354 hoc
1825 3295 1938 3365 est,
1986 3289 2229 3352 fiducia
2256 3289 2331 3351 in

450 3400 546 3440 crs
554 3384 785 3440 aturaS.

626 3465 1030 3528 Vocabulum
1079 3465 1272 3542 ,Pere‘
1322 3467 1666 3548 exponitur
1709 3487 1838 3550 pro.
1878 3485 2118 3545 onagro
2135 3515 2151 3542 ,
2212 3486 2258 3530 s«

450 3556 610 3616 mihi
654 3553 910 3618 videtur
953 3555 1245 3636 generale
1304 3575 1441 3619 esse
1498 3557 1884 3621 vocabulum
1904 3605 1918 3633 ‚
1977 3557 2172 3619 sicut'
2205 3576 2255 3618 n

627 3745 682 3814 1)
718 3745 953 3802 Fiducia
986 3747 1051 3801 in
1085 3747 1367 3803 homines.
