2575 4225
200 226 263 289 268
538 226 642 308 Caput
663 224 795 289 tertium

288 402 374 477 Quid
396 404 503 486 potuit
525 404 605 483 fingi
627 402 782 468 suavius?
811 402 883 475 Qua
904 400 967 464 alia
990 400 1137 465 similitu-

199 493 275 555 dine
304 492 357 554 dei
383 492 602 556 misericordia
630 511 732 573 aeque
760 490 867 572 potuit
895 490 1138 554 commendari?

199 580 432 645 Suavissimum
454 586 512 658 est,
537 581 625 661 quod
647 581 717 662 ipse
739 580 885 643 Christus
908 578 987 641 dicit
1008 578 1049 641 de
1073 578 1140 643 ovi·
1283 600 1285 655 t

199 670 272 744 cula
300 664 454 750 perdita.¹
505 669 568 732 Sed
596 671 677 733 haec
706 669 818 750 culpae
848 666 1038 749 significatio
1067 672 1139 730 tam
1168 667 1172 672 ’
1283 660 1285 667 ’

197 758 340 835 illustria,
361 758 492 839 abyssos
507 757 745 822 misericordiae
761 757 888 823 divinae
904 756 1018 819 clarius
1034 761 1138 819 osten·

199 846 257 909 dit.
303 847 494 925 Nobiscum,
518 849 576 930 qui
598 867 710 911 sumus
733 852 858 927 gentes,
886 843 947 909 hoc
970 844 1144 925 coniugale

198 941 331 1016 pactum
353 956 420 999 non
445 936 561 1000 habuit
588 937 685 1013 deus,
716 935 802 1017 quod
831 954 906 997 cum
927 933 1056 997 Indaeis
1082 934 1143 995 ha-

198 1024 287 1101 buit,
317 1029 481 1089 ettamen
503 1045 562 1089 nos
589 1045 733 1106 quoqne,
763 1031 920 1105 tanquam
948 1022 1146 1086 immundus

199 1119 310 1193 partus
333 1134 353 1176 a
375 1112 507 1178 domino
530 1112 680 1177 mundati
703 1119 735 1176 et
757 1113 861 1177 ornati
884 1132 1005 1175 sumus.

204 1286 340 1399 2Errant
361 1299 471 1355 autem
492 1292 572 1355 hoec
594 1290 636 1354 ad
659 1310 756 1354 usum
771 1288 1001 1355 transferenda.
1041 1287 1142 1351 Adul-

284 1386 353 1443 tera
374 1400 449 1442 cum
471 1381 615 1461 agnoscit
629 1386 806 1462 peccatum,
831 1384 889 1447 aut
903 1376 1142 1441 calamitatibus

201 1468 376 1545 admonita,
400 1475 458 1531 aut
479 1469 551 1531 aliis
574 1468 795 1532 occasionibus
818 1488 885 1531 non
900 1465 998 1529 audet
1013 1484 1143 1546 sperare

200 1556 457 1620 benevolentiam
479 1558 602 1634 man'ti,
633 1578 730 1638 quem
752 1556 841 1621 videt
862 1562 931 1619 tam
953 1554 1091 1635 graviter
1122 1574 1143 1615 a

194 1666 234 1708 se
269 1646 438 1708 offensum.
490 1645 542 1709 sic
575 1648 677 1709 animi
711 1646 828 1721 nostri,
864 1664 939 1707 cum
972 1643 1143 1705 intuentur

202 1754 294 1797 suam
316 1734 571 1811 immundiciem‚
596 1735 713 1797 timent
734 1734 892 1796 iudicium
915 1732 976 1804 dei.
1018 1732 1142 1793 Notum

202 1824 289 1886 enim
313 1829 375 1900 est,
400 1824 479 1905 quid
501 1825 644 1887 minetur
666 1822 745 1885 deus
768 1820 1002 1905 peccatoribus,
1027 1826 1060 1882 et
1081 1826 1141 1883 ter·

202 1918 274 1974 rent
295 1932 354 1975 nos
376 1912 490 1975 merito
514 1912 650 1975 eliorum
673 1912 830 1993 exempla
877 1908 940 1973 Sed
969 1907 1143 1987 erigendus

202 2007 270 2063 crat
284 2001 423 2077 animus,
447 2007 480 2063 et
495 2021 568 2083 spes
583 2000 696 2064 veniae
713 1999 931 2081 concipienda.
971 1997 1143 2072 Quomodo

203 2088 290 2150 enim
319 2088 425 2152 odisse
453 2109 511 2153 nos
541 2094 649 2171 potest
676 2090 770 2166 deus,
806 2109 864 2171 pro
898 2086 1016 2170 quibus
1051 2084 1144 2149 dedit

204 2177 307 2237 filium
330 2179 448 2241 suum?
471 2179 668 2243 Gravissima
690 2179 777 2242 enim
792 2177 883 2242 Pauli
906 2173 1067 2240 sententie
1082 2181 1141 2252 est,

204 2265 295 2326 Rom.
321 2259 392 2326 5.⁸'
419 2266 459 2328 In
480 2267 542 2330 hoc
565 2267 772 2331 commendat
793 2266 873 2330 deus
901 2287 992 2329 suam
1020 2264 1141 2328 miseri·

204 2353 346 2416 cordiam
369 2374 443 2434 erga
465 2376 538 2432 nos,
571 2356 658 2436 quod
682 2355 826 2420 Christus
849 2375 907 2438 pro
936 2354 1030 2418 nobis
1061 2373 1143 2416 mor·

204 2449 279 2505 tuus
302 2450 359 2520 est,
384 2464 458 2507 cum
481 2464 624 2515 essemus
645 2451 837 2525 peccatores.

292 2531 336 2593 Et
364 2539 448 2596 recte
477 2528 537 2597 nos
565 2554 606 2596 ex
631 2534 694 2596 hoc
721 2529 884 2618 beneficio
909 2538 1067 2612 tanquam
1102 2547 1144 2592 ex

204 2619 294 2681 fonte
316 2620 551 2683 misericordiae
573 2622 740 2684 haurimus
770 2621 868 2684 etiam
895 2619 974 2683 alias
1001 2619 1143 2681 consola·

204 2707 321 2782 tiones,
353 2725 490 2786 quarum
513 2729 550 2771 eo
572 2710 608 2771 in
629 2711 699 2773 loco
721 2709 872 2773 meminit
893 2709 1024 2784 Paulus,
1055 2704 1142 2787 quod

204 2794 325 2856 scilicet
347 2794 559 2859 defendemur
573 2798 728 2862 divinitus
744 2799 785 2862 ab
800 2798 857 2876 ira,
882 2802 1055 2879 postquam
1072 2815 1141 2857 san·

202 2882 299 2962 guine
323 2881 441 2947 Christi
469 2886 619 2950 mundati
649 2907 769 2950 sumus.
816 2886 1015 2950 Abiiciamus
1042 2883 1145 2966 igitur

202 2977 327 3034 metum
348 2972 414 3035 irae
438 2980 470 3037 et
491 2975 603 3038 iudicii
625 2974 687 3052 dei,
715 2982 846 3057 propter
867 2981 998 3058 peccata
1020 2978 1143 3048 nostra,

202 3067 235 3121 et
257 3060 425 3125 credamus
448 3064 536 3143 quod
558 3065 716 3145 propheta
738 3063 792 3126 hic
815 3065 909 3140 dicit,
933 3059 1031 3126 deum
1056 3060 1142 3126 simi-

203 3148 268 3209 lem
291 3168 360 3212 esse
382 3151 499 3228 mariti,
524 3152 581 3233 qui
603 3152 663 3214 etsi
686 3151 727 3214 ab
750 3151 894 3216 adultera
915 3171 1015 3214 uxore
1039 3149 1142 3213 deser-

204 3241 256 3298 tus
279 3243 312 3299 et
334 3239 471 3317 graviter
493 3241 635 3302 offensus
659 3245 716 3315 est,
740 3245 851 3304 tamen
873 3240 976 3318 magis
994 3245 1145 3313 movetur

203 3323 346 3388 bonitate
370 3345 437 3401 sua,
461 3345 560 3406 quam
582 3334 713 3409 peccato
737 3327 915 3403 adulterae,
940 3333 972 3390 et
993 3345 1068 3388 eam
1090 3324 1143 3386 dc·

204 3432 270 3476 nuo
293 3420 438 3476 amanter
460 3417 689 3496 complectitur.

56 3615 82 3687 ξ,
192 3614 202 3624 “
294 3621 320 3687 1)
338 3621 405 3675 Lud.
426 3621 468 3677 15.
505 3622 532 3690 2)
552 3623 702 3688 Quomodo
720 3629 819 3691 contra
837 3628 988 3694 peccatum
1000 3621 1146 3688 consolari

94 3726 96 3729 -
203 3706 258 3745 nos
276 3689 439 3748 debeamus.
476 3693 505 3763 3)
524 3695 605 3750 Rom.
625 3694 650 3749 5.
