2575 4225
200 243 266 307 250
518 243 623 326 Caput
645 242 825 307 secrmdum

198 426 334 496 ctorum,
358 425 505 483 votorum
524 427 583 484 etc.
600 421 770 501 inquibus
786 440 878 502 spem
893 421 1005 485 salutis
1021 428 1140 485 ranam

199 510 347 571 homines
374 508 539 572 habebant
566 510 716 590 positam.
762 511 877 590 Itaque
906 512 964 589 qui
990 512 1140 592 supersti-

198 600 304 661 tiones
326 602 360 660 et
382 597 501 660 abusus
524 617 598 662 uere
621 599 758 680 cupiunt
773 598 970 662 err-ecclesiis
986 600 1139 677 sublatos,

199 706 266 749 non
288 686 350 749 hoc
378 692 492 766 agent,
522 686 610 767 quod
639 687 810 751 indoctum
831 688 946 768 vulgus
977 688 1074 765 solet,
1104 694 1143 752 ut

199 775 372 837 deturbent
394 776 501 838 subito
524 775 681 855 imagines
705 797 746 838 ex
768 776 912 857 templis,
944 782 975 839 et
997 777 1030 839 vi
1056 794 1140 857 gras-

198 869 310 926 sentur
331 864 368 925 in
382 861 543 940 idolatras,
572 864 629 927 sed
643 865 778 928 verbum
800 870 984 947 proponant
998 866 1142 929 ecclesiis

198 952 337 1028 sincere,
373 958 444 1015 tum
472 952 542 1015 sine
569 953 728 1029 tumultu,
764 953 833 1016 sine
869 954 1005 1036 strepitu
1039 948 1141 1030 omn'i',

197 1041 372 1105 concident
391 1042 601 1122 quantumuis
623 1042 682 1104 diu
704 1043 852 1124 usurpati
874 1043 949 1105 falsi
971 1042 1086 1105 cultus.

288 1220 306 1260 r
341 1200 560 1282 percutiam
592 1202 652 1265 eis
682 1200 828 1264 foedus
865 1202 905 1265 in
943 1202 1008 1265 die
1049 1202 1142 1279 illa,

306 1308 392 1352 cum
425 1290 542 1364 feris,
578 1296 617 1353 et
651 1310 737 1353 cum
766 1290 1142 1367 volucribuscoeli,

244 1384 281 1440 et
304 1397 392 1440 cum
414 1378 642 1458 reptilibus
665 1387 805 1443 terrae.

198 1516 383 1627 *Apparet
412 1521 586 1602 prophetas
609 1521 782 1584 delectatos
810 1521 873 1583 ista
903 1521 1143 1602 comparatione
1190 1554 1195 1558 -
1285 1554 1287 1567 ·

287 1607 494 1685 liberationis,
519 1627 601 1689 quae
624 1630 682 1691 per
697 1608 861 1672 Christum
883 1609 968 1672 facta
984 1616 1041 1685 est,
1066 1630 1144 1673 cum

197 1717 249 1775 ea,
282 1716 364 1780 quae
395 1698 494 1761 veteri
516 1699 636 1779 populo
665 1699 807 1779 contigit.
853 1700 901 1761 Ac
923 1698 1080 1779 prefectu,
1115 1698 1144 1763 si

198 1793 290 1850 vetus
313 1786 452 1867 populus
480 1792 646 1868 tantopere
668 1787 736 1861 'illis¹
759 1786 922 1849 beneflciis
950 1786 1003 1849 dei
1033 1806 1143 1868 corpo-

198 1876 319 1938 ralibus
342 1876 482 1937 confisus
505 1881 563 1952 est,
588 1881 710 1956 quanto
734 1896 793 1939 nos
817 1876 1014 1938 debebamus
1037 1876 1144 1955 magis

197 1964 296 2026 fidere
318 1963 375 2026 illa
397 1964 585 2027 liberatione
609 1970 747 2041 aeterna,
777 1984 859 2045 quae
881 1984 940 2045 per
961 1964 1065 2025 filium
1089 1963 1145 2027 dei

198 2045 285 2116 facta
307 2059 364 2129 est,
389 2072 525 2134 eamque
548 2053 732 2136 praedicare
756 2048 788 2117 et
811 2073 849 2117 ea
871 2054 942 2116 niti.

287 2142 429 2205 Pertinet
450 2143 560 2222 itaque
588 2144 669 2206 haec
693 2163 821 2224 quoque
844 2141 1002 2224 particula
1030 2141 1071 2203 ad
1095 2142 1143 2204 in·

198 2229 347 2292 stitutum
362 2231 575 2294 collationem.
621 2233 705 2293 Nam
720 2232 859 2313 populus
882 2231 949 2294 iam
971 2231 1007 2292 in
1022 2236 1144 2293 terram

197 2319 392 2400 promissam
414 2319 638 2396 introductus,
659 2321 719 2382 etsi
742 2319 934 2383 cultissimus
958 2324 990 2381 et
1012 2319 1142 2382 foecun-

196 2407 348 2472 dissim0s
374 2429 466 2488 agros
488 2409 679 2490 possideret,
709 2414 819 2471 tamen
844 2409 927 2489 'quia
956 2406 1144 2472 discedebat

197 2517 218 2558 a
239 2497 309 2577 lege
324 2496 458 2574 domini,
483 2498 552 2578 agri
574 2517 631 2579 per
644 2498 794 2574 locustas,
818 2496 913 2562 vinae
931 2516 990 2579 per
1004 2515 1140 2572 vermes,

198 2585 282 2648 siout
303 2585 409 2649 Moses
436 2587 472 2648 in
495 2585 736 2650 deuteronomio
758 2586 901 2649 minatus
924 2589 1000 2660 erat,
1030 2584 1141 2666 perde·

196 2673 325 2736 bantur.
370 2674 576 2738 Accedebant
603 2675 684 2737 aliae
708 2695 835 2755 quoque
859 2674 1072 2756 calamitates,
1098 2671 1142 2736 de

197 2760 318 2840 quibus
340 2761 493 2826 historiae
513 2763 741 2837 meminerunt.
785 2763 875 2826 Sicut
902 2769 1011 2825 autem
1042 2780 1143 2824 causa

196 2849 314 2913 horum
336 2849 617 2915 incommodorum
638 2857 715 2928 erat,
747 2851 835 2932 quod
856 2852 962 2932 legem
988 2870 1054 2913 non
1077 2869 1142 2912 ser·

197 2940 318 3002 vabant
339 2939 461 3017 Iudaei,
490 2941 537 3004 ita
558 2941 719 3022 promittit
740 2940 892 3004 dominus
920 2941 983 3002 hoc
1010 2938 1046 3000 in
1068 2939 1142 3002 loco

196 3027 311 3090 foedus
334 3045 411 3092 cum
431 3029 560 3105 bestiis,
584 3029 767 3093 volatilibus
791 3030 884 3105 coeli,
909 3035 942 3091 et
963 3027 1141 3104 vermibus,

196 3115 274 3195 quia
295 3117 395 3180 habet
416 3119 550 3181 ecclesia
564 3120 699 3182 verbum
723 3118 888 3198 evangelii,
913 3137 978 3198 quo
1001 3135 1076 3190 non,
1101 3122 1144 3180 nt

196 3203 233 3265 in
264 3204 348 3284 lege,
384 3207 556 3286 requiritur
583 3212 692 3270 nostra
726 3205 881 3286 dignitas,
918 3204 975 3268 sed
1009 3210 1144 3268 tantum

195 3293 328 3355 offertur
354 3294 572 3359 misericordia
599 3315 657 3375 per
687 3294 867 3371 Christum,
906 3312 963 3358 seu
991 3292 1143 3357 remissio

196 3387 409 3463 peccatorum,
434 3390 467 3446 et
481 3382 619 3447 donatur
634 3383 765 3464 spiritus
778 3390 916 3460 sanctus,
934 3381 992 3462 qui
1007 3381 1145 3447 adiuvat

196 3489 265 3546 nos,
274 3476 311 3533 ut
322 3477 522 3551 praestemus
534 3471 740 3552 aliquomodo
751 3472 896 3535 debitam
907 3469 1141 3535 obedientiam.

285 3643 311 3712 ⁸)
330 3646 366 3698 In
383 3640 471 3712 marg.
495 3645 651 3701 coll.1en.:
681 3645 803 3702 Collatio
827 3647 933 3702 veteris
955 3646 1138 3707 liberationis

195 3729 321 3783 cum-ea,
341 3732 414 3784 quae
432 3733 484 3785 per
503 3716 654 3772 Christum
672 3718 754 3773 facta.
979 3727 981 3738 ·
