2575 4225
412 275 492 336 18
1043 269 1253 349 Caput
1296 266 1652 332 secundum

405 450 523 513 vel·
572 447 806 510 mariti.
929 446 1152 509 Achab
1222 465 1374 508 cum
1438 442 1722 506 Iezabele
1796 441 2280 523 prudentissimi

405 544 541 601 erat
599 535 956 599 secundum
1016 555 1275 597 carnem
1293 584 1307 611 ,
1371 533 1607 613 quibus
1668 532 2022 612 comparati
2078 537 2284 597 nostri

405 626 727 709 principes
794 624 1007 688 trunci
1075 628 1245 698 sunt,
1314 623 1387 684 hi
1455 626 1795 684 erexerunt
1860 620 2106 683 cultum
2172 625 2280 685 dei

405 721 744 778 externum
790 733 943 795 prae
989 712 1212 776 ceteris
1271 711 1557 791 regibus,
1621 714 2021 771 assumentes
2083 729 2280 773 saner*

406 805 605 879 dotes,
654 802 768 883 qui
806 822 889 864 ex
917 803 1056 880 lege
1087 800 1253 862 Mosi
1297 801 1475 862 hunc
1519 799 1766 860 cultum
1811 797 2280 861 confirmarent,

405 894 674 955 Necesse
731 896 829 954 est
884 910 1032 969 ergo
1091 890 1254 951 Iehu
1320 887 1625 950 habuisse
1670 886 2284 951 excellentissimum

403 983 629 1056 lumen
674 999 712 1042 a
757 979 879 1042 deo
925 979 1040 1059 qui
1083 978 1210 1041 ista
1253 977 1547 1041 vastavit

1012 1137 1320 1200 Auferam
1367 1135 1447 1198 de
1494 1155 1619 1211 ore,
1634 1130 1657 1168 ²

405 1247 475 1310 id
520 1254 647 1309 est:
715 1246 886 1307 hanc
955 1244 1225 1323 gratiam
1294 1243 1629 1324 praestabo
1689 1250 1765 1305 ut
1820 1265 1951 1308 non
2010 1245 2284 1309 docefflit

406 1335 686 1416 amplius
716 1334 1041 1413 figmenta:
1074 1331 1188 1395 sed
1216 1351 1433 1394 meam
1462 1333 1816 1411 veritatem,
1848 1353 2086 1414 magna
2114 1341 2280 1401 certe

407 1422 744 1505 promissio
790 1427 908 1485 etc.

1071 1580 1158 1644 Et
1200 1581 1576 1662 percutiam,
1590 1574 1616 1612 ²

406 1690 475 1753 id
535 1695 663 1751 est:
728 1688 963 1751 curabo
1019 1693 1094 1750 ut
1146 1687 1312 1749 nihil
1366 1688 1426 1749 ei
1472 1694 1722 1764 noceat,
1785 1688 2025 1753 bestiae
2084 1693 2280 1753 etiam

407 1778 686 1841 sentient
730 1777 1086 1852 nobiscum,
1135 1781 1201 1838 et
1244 1777 1466 1838 omnia
1510 1777 1630 1838 sub
1685 1777 1960 1857 pedibus
2022 1781 2272 1841 nostris

406 1868 552 1929 Non
584 1872 682 1928 est
709 1866 834 1929 hoc
865 1872 1204 1928 externum
1242 1859 1526 1945 pactum,
1575 1864 1783 1928 fidelis
1811 1866 2011 1929 habet
2038 1869 2276 1930 omnia,

406 1955 473 2018 Si
519 1955 738 2017 dixero
784 1955 936 2017 huic
966 1953 1174 2017 monti
1213 1959 1330 2015 etc.
1425 1953 1494 2016 Si
1539 1953 1759 2016 dixero
1788 1953 2061 2018 bestiae:
2110 1957 2276 2030 veni,

407 2045 623 2109 veniet
664 2050 781 2108 etc.
801 2112 814 2120 ,
875 2042 1112 2105 Omnia
1155 2047 1393 2120 nostra,
1442 2042 1663 2104 omnia
1720 2042 2029 2106 adiuvant
2071 2045 2141 2107 in
2188 2066 2276 2106 sa*

406 2135 626 2196 lutem.
719 2133 887 2195 Vide
933 2133 1079 2194 Esa.
1116 2133 1174 2193 2.
1224 2152 1320 2213 ps.
1370 2132 1667 2194 auferens
1696 2132 1866 2194 bella
1893 2139 2011 2197 etc.
2103 2134 2280 2198 Haen

407 2222 855 2301 intelliguntur
921 2221 1001 2282 de
1080 2240 1277 2300 regno
1363 2219 1873 2284 Christianorum
1947 2223 2117 2286 inter
2192 2246 2276 2286 ss.

408 2311 522 2384 Ro,
573 2311 612 2371 5
658 2309 997 2372 Iustificati
1027 2314 1142 2383 etc.
1237 2307 1305 2370 Si
1336 2308 1418 2370 ad
1460 2308 1656 2371 deum
1686 2329 1914 2390 pacem
1942 2312 2276 2390 habemusss

407 2399 721 2476 habemus
816 2397 1012 2460 etiam
1090 2397 1295 2460 invito
1377 2396 1632 2460 diabolo
1708 2404 1773 2460 et
1837 2405 2019 2463 tanto
2086 2420 2280 2482 regnu

408 2487 656 2570 peccati
702 2493 766 2550 et
800 2486 1179 2550 inferorum.

1124 2646 1554 2710 Fiducialiter.

519 2786 527 2792 -
584 2751 800 2832 potius
848 2771 1084 2828 secure,
1133 2752 1684 2833 quemadmodum
1730 2754 2047 2835 sequium

1087 2913 1172 2977 Et
1215 2914 1555 2995 sponsabo.
1569 2907 1595 2945 ³

482 3073 510 3078 .,
583 3018 930 3098 Magni-fica
987 3020 1197 3083 verba.
1290 3019 1437 3081 Non
1497 3018 1657 3081 dicit
1707 3019 2010 3099 paciscor,
2073 3025 2149 3082 ut
2192 3022 2276 3082 ad

406 3112 638 3187 patres,
713 3107 827 3169 sed
894 3109 1232 3189 sponsabo.
1325 3108 1471 3170 Non
1539 3113 1636 3169 est
1701 3107 1906 3169 maior
1972 3128 2151 3171 amor
2208 3110 2280 3170 in

406 3195 590 3258 terris
635 3214 834 3275 quam
878 3196 1046 3259 inter
1091 3196 1402 3277 sponsum
1456 3201 1520 3258 et
1574 3213 1895 3276 sponsam,
1986 3196 2280 3278 Sponsus

405 3303 538 3346 non
568 3302 808 3346 munus
840 3283 952 3347 sed
973 3285 1268 3366 ,seipsum
1300 3284 1497 3347 tradit
1527 3277 1836 3366 sponsae⁴
1873 3291 1940 3346 et
1967 3284 2276 3348 intimum

405 3373 708 3434 affectum
755 3372 982 3449 cordis,
1031 3379 1096 3436 et
1140 3373 1360 3436 omnia
1404 3392 1538 3450 sua,
1596 3373 1929 3454 praevenit
1969 3393 2276 3455 sponsam

405 3467 470 3523 et
513 3461 782 3540 requirit
825 3481 969 3524 eam
1015 3468 1164 3530 eta·
1214 3461 1494 3526 Iustitia·
1524 3467 1622 3525 est
1666 3460 1795 3542 qua
1834 3461 2274 3526 iustificamur.

365 3746 375 3754 „
403 3669 638 3797 MS'GJ)
673 3688 728 3727 v.
769 3670 854 3727 17.
925 3671 982 3741 2)
1016 3688 1070 3727 v.
1111 3671 1195 3727 18.
1267 3671 1325 3740 3)
1360 3688 1411 3727 v.
1440 3672 1525 3726 19.
1598 3671 1656 3742 4)
1693 3671 1911 3742 Incipit
1942 3671 2041 3726 fol.
2068 3670 2188 3726 110.
2208 3674 2276 3726 E.

555 3758 592 3796 1.
