2575 4225
459 221 587 283 Hoseae
609 222 793 303 prophetae.
1031 221 1098 286 487

244 397 297 460 Ad
324 399 413 461 hunc
446 398 583 460 modum
612 399 736 462 confert
765 389 869 462 cultus
901 399 995 480 legis,
1021 412 1096 462 cum

149 488 295 552 cultibus
317 489 395 550 novi
409 487 603 563 testamenti,
626 488 687 550 hos
711 488 771 550 deo
786 487 866 550 dicit
888 493 993 568 gratos
1016 508 1094 564 esse,

151 575 401 658 proficiscuntur
434 576 523 638 onim
556 595 598 638 ex
630 575 694 637 fide
721 576 756 638 in
784 577 887 638 filium
914 576 982 652 dei,
1025 573 1099 639 illos'

149 671 264 728 autem
287 664 428 728 ostendit
443 665 503 727 deo
526 683 592 727 non
611 666 745 745 plaeere,
770 664 932 745 siquidem
946 667 1030 727 fiunt
1053 667 1094 728 ab

148 754 344 834 hypocritis,
377 754 434 833 qui
461 773 527 816 non
554 753 660 815 solum
683 753 812 836 impura
839 754 936 816 corda
962 755 1093 830 habent,
1158 759 1159 764 ’
1223 739 1224 742 ¹

148 839 209 904 sed
238 842 337 904 etiam
365 841 496 905 laudem
524 842 670 904 iusticias
700 847 732 904 et
754 842 860 906 meriti
891 842 954 905 sibi
983 843 1096 906 volunt

147 950 171 995 a
195 929 256 993 deo
279 931 388 993 tribui.
766 951 775 1000 ’,
984 989 988 994 .
1050 975 1051 978 ¹

241 1019 315 1082 Non
350 1020 454 1082 solum
482 1025 593 1082 autem
618 1018 731 1081 laudat
763 1019 867 1082 cultus
895 1019 971 1082 novi
1001 1023 1094 1082 testa·

148 1108 256 1170 menti
282 1108 456 1188 propheta,
494 1113 527 1169 et
557 1108 698 1190 praefert
731 1108 870 1171 cultibus
896 1109 991 1187 legis,
1038 1107 1095 1170 sed

146 1196 251 1258 etiam
273 1196 415 1259 ostendit
435 1197 598 1272 futurum,
622 1201 660 1258 ut
682 1215 739 1278 per
762 1197 940 1272 Christum,
970 1196 1027 1276 qui
1049 1217 1093 1259 re-

146 1284 340 1347 missionem
362 1290 569 1365 peccatorum
591 1285 796 1348 credentibus
820 1284 968 1361 donabit,
993 1305 1092 1347 sacer·

146 1372 282 1437 dacium
303 1374 404 1453 legale
427 1392 584 1436 unacum
606 1374 769 1436 sacrificiis
792 1375 828 1436 in
850 1380 955 1438 totum
970 1373 1092 1436 abolea-

145 1467 216 1537 tur,
246 1480 323 1523 nam
349 1463 450 1543 legale
480 1461 695 1526 sacerdotium
722 1463 918 1526 consistebat
943 1463 979 1524 in
1007 1467 1093 1525 certa

148 1550 247 1612 tribu.
294 1551 357 1613 llic
384 1558 493 1614 autem
517 1571 596 1614 ‚cum
625 1551 721 1613 dicit:
768 1553 945 1615 Offeremus
974 1551 1092 1616 vitulos

144 1637 311 1701 labiorum
343 1640 485 1703 ostendit
513 1641 575 1702 hoc
602 1659 812 1721 personarum
840 1641 1014 1703 discrimen
1043 1659 1091 1702 su·
1132 1655 1133 1662 ¹

14 1788 15 1791 ,
143 1727 276 1790 ‘blatum
298 1727 347 1804 iri,
372 1733 404 1791 et
426 1729 494 1791 fore
517 1729 697 1792 sacerdotes
721 1728 781 1791 deo
805 1735 920 1808 gratos,
945 1748 1012 1790 non
1035 1728 1092 1809 qui

145 1836 191 1877 ex
219 1816 306 1879 tribu
328 1817 461 1880 levinati
488 1823 579 1893 sunt,
609 1816 666 1879 sed
694 1817 751 1896 qui
779 1816 814 1879 in
837 1816 1000 1880 Christum
1029 1835 1090 1878 cre·

143 1904 241 1981 dunt,
266 1911 299 1968 et
313 1925 388 1970 vera
410 1906 473 1968 fide
490 1905 654 1968 Christum
668 1905 829 1968 invocant.
876 1905 965 1968 Sicut
980 1905 1091 1968 Petrus

14 2038 16 2081 5
144 1993 210 2055 hoe
233 1994 349 2057 clarius
372 1993 466 2070 dicit,
491 2015 566 2056 cum
594 1994 705 2057 scribit
727 1993 931 2080 credentibus
953 1995 989 2055 in
1012 1995 1091 2056 haec

14 2109 19 2164 t
146 2083 261 2146 verba:
286 2084 352 2146 Vos
368 2084 445 2147 estis
460 2085 663 2164 demergens,
680 2083 784 2163 regale
800 2083 1014 2146 sacerdotium
1030 2089 1089 2146 etc.

14 2195 15 2255 ;
237 2172 333 2245 Quod
362 2173 461 2252 igitur
486 2173 617 2235 ¹habent
647 2172 862 2235 sacrificium?
907 2173 980 2235 Non
1010 2192 1091 2253 opus

14 2286 16 2304 >
143 2266 316 2341 operatum
339 2262 471 2338 Missae,
503 2262 591 2342 quod
620 2261 769 2343 pontifex
797 2280 887 2324 rasae
915 2268 948 2323 et
973 2268 1089 2323 unctae

14 2352 15 2384 ³
143 2350 261 2411 turbae
288 2369 364 2412 suae
392 2352 462 2414 vult
491 2370 560 2413 esse
575 2350 765 2432 ,proprium
812 2348 907 2423 Quod
936 2350 1024 2411 enirn
1047 2349 1090 2411 ad

14 2479 15 2520 3
143 2437 371 2501 remissionem
397 2445 602 2520 peccatorum
625 2438 755 2515 attinet,
783 2444 863 2500 sunt
884 2438 994 2500 fideles
1018 2456 1088 2500 con-

82 2602 92 2612 ,
142 2527 229 2589 tenti
252 2528 406 2590 sacrificio
422 2528 550 2605 Christi,
575 2547 651 2590 eum
674 2527 780 2589 solum
796 2533 976 2607 agnoscunt
990 2546 1088 2589 sacer-

14 2686 16 2706 ἱ
142 2614 257 2678 dotem
280 2616 434 2695 quivere
456 2617 617 2682 oblatione
633 2615 870 2680 consummavit
892 2634 1003 2678 omnes
1019 2632 1088 2678 san-

14 2720 15 2778 }
142 2709 230 2780 ctos,
263 2704 326 2785 ipsi
350 2712 459 2768 autem
487 2706 628 2767 offerunt
655 2705 690 2766 in
721 2705 895 2785 gratiarum
919 2704 1086 2781 actionem,

14 2791 15 2852 l
142 2793 231 2855 sicut
252 2794 409 2874 propheta
431 2794 485 2856 hic
500 2795 662 2873 eleganter
684 2792 771 2869 dicit,
795 2800 903 2856 tauros
917 2794 1087 2855 labiorum.

14 2915 15 2947 ;
141 2881 304 2944 Invocant
325 2901 444 2945 nomen
459 2882 594 2958 domini,
618 2880 806 2963 praedicant
828 2882 896 2943 eius
913 2882 1087 2943 misericor·

14 2961 15 3010 ἶ
92 3048 96 3054 .
142 2969 252 3045 diam,
284 2972 484 3034 annunciant
505 2975 644 3033 mortem
671 2970 721 3032 sui
744 2968 932 3045 sacerdotis,
963 2967 1087 3031 eteius

142 3058 341 3121 sacrificium
374 3060 604 3124 commendant
635 3058 764 3139 publice
792 3058 952 3120 omnibus.
1006 3057 1088 3120 Sunt
1206 3137 1210 3144 Ι

143 3152 257 3211 autem
279 3147 316 3208 hi
341 3148 521 3211 sacerdotes
548 3146 712 3222 altissimi,
743 3164 810 3208 non
839 3166 858 3207 a
880 3144 1086 3226 pontificibus

143 3235 247 3297 seda
275 3236 392 3316 spiritu
414 3243 525 3300 sancto
546 3236 654 3311 uncti,
686 3241 720 3298 ct
747 3240 858 3297 tamen
886 3254 953 3297 non
980 3234 1087 3324 solum

153 3328 398 3387 ·rntemnuntur
413 3326 454 3388 ab
469 3344 508 3388 ea
521 3326 631 3401 turba,
651 3343 750 3403 quarn
764 3323 932 3404 pontifices
948 3330 1088 3402 ungunt,

236 3516 263 3583 1)
283 3517 307 3571 1.
327 3517 388 3572 Pet.
408 3507 451 3571 '2⁸
560 3548 569 3560 «

235 3694 261 3762 ⁸)
279 3694 315 3747 In
333 3694 395 3749 0011.
414 3694 490 3747 1en.:
509 3693 535 3747 a.
554 3694 614 3747 res.
633 3694 659 3747 2.
