2575 4225
453 290 578 353 Hoaeae
601 290 786 371 prophetae.
1025 294 1086 357 189

144 468 264 531 domus
286 467 395 543 Israel,
423 461 520 529 ¹nam
543 467 711 530 Zacharias
733 468 868 531 ultimus
891 488 932 530 ex
955 470 1087 550 posteri·

144 562 211 620 tate
235 556 331 633 Iehu,
355 561 389 619 et
410 555 495 619 filius
517 556 616 619 huius
638 557 821 633 Ierobeam,
846 557 907 624 sub
930 577 995 638 quo
1018 579 1102 640 pro.

144 647 247 726 pheta
269 645 394 721 docuit,
424 650 500 725 post
522 651 652 708 sextum
674 644 765 725 regni
786 666 933 709 maneam
955 666 1013 728 per
1043 667 1087 711 aa

145 734 204 797 dit'
180 740 306 799 trouem
329 754 349 796 a
371 727 533 797 Salium²
538 734 662 797 occisus
685 741 748 811 est,
778 735 835 815 qui
858 736 928 817 ipse
959 756 1088 816 quoquo

144 823 287 885 iniustae
314 821 422 886 caedis
451 842 573 904 poenas
599 822 699 886 dedit.
742 784 829 887 iiam
859 824 964 905 primo
998 826 1089 906 regni

121 931 268 1002 *mensa
292 932 350 993 per
371 912 546 976 Menahem
567 911 781 993 interemptus
805 917 862 975 eat.
869 906 1008 975 ³Dum
1031 915 1088 977 ita·

144 1021 207 1080 que
231 1020 370 1081 regnum
396 1000 504 1063 intest
496 1001 559 1063 1nia
589 1000 801 1064 seditionibus
828 1002 1012 1079 lactaretur,
1042 1022 1089 1066 ac·

144 1090 242 1153 cessit
268 1090 367 1153 etiam
393 1095 545 1152 extamus
572 1089 675 1153 hostia
708 1090 874 1170 Assyrius,
918 1091 947 1153 is
980 1111 1089 1171 regem

144 1179 245 1242 Israel
272 1178 480 1242 tributarium
507 1178 571 1241 sibi
599 1178 686 1241 fecit.
733 1178 809 1242 Post
830 1178 1003 1241 Menahem
1029 1180 1086 1242 im·

14 1331 17 1338 ,
144 1274 238 1348 perat
258 1267 385 1344 Pakaia,
408 1267 463 1330 hic
485 1286 561 1329 cum
583 1266 753 1331 biennium
776 1273 948 1348 regnasset,
926 1268 1086 1331 t·ocoidi

143 1363 197 1419 tur
220 1376 241 1419 a
263 1356 381 1432 Pekah,
406 1356 467 1419 sub
489 1357 552 1419 hoc
574 1356 702 1435 'ligleth
717 1356 847 1419 Pilleser
861 1358 1013 1420 Israelem
1035 1378 1086 1421 va-

145 1450 223 1521 stat,
258 1450 291 1507 et
312 1445 432 1508 bonam
461 1446 574 1526 populi
602 1451 728 1527 partem
756 1446 889 1509 abducit
914 1447 1084 1528 captivam

146 1494 235 1596 ⁴Sub
253 1534 364 1597 Hosaa
379 1540 503 1611 autem,
529 1534 586 1614 qui
607 1535 742 1598 ultimus
765 1535 919 1615 regnavit,
944 1535 1085 1598 Salman·

33 1686 37 1692 ,
144 1643 232 1686 esser
259 1628 365 1685 totum
392 1642 529 1703 regnum
558 1624 728 1705 occupavit
761 1630 793 1686 et
827 1624 949 1687 evertit
996 1625 1086 1687 Haec

144 1712 259 1777 omnia
279 1712 366 1774 intra
388 1732 490 1775 annos
512 1713 638 1775 circiter
661 1712 874 1793 quadraginta
904 1719 978 1793 post
1005 1734 1085 1776 mor-

145 1807 213 1864 tem
235 1801 403 1863 Ierobeam
431 1800 625 1864 acciderunt.
672 1801 725 1863 lbi
753 1802 887 1864 demum
917 1801 1015 1863 Israel
1042 1802 1085 1864 fa·

145 1896 217 1953 ctus
241 1896 293 1954 est
310 1890 435 1966 lenaei,
459 1890 543 1953 sicut
564 1890 626 1961 hoc
649 1890 684 1951 in
706 1891 776 1973 loco
799 1890 958 1971 propheta
980 1889 1086 1952 vatici·
1153 1898 1162 1917 ·

145 1986 252 2043 natur.
311 1980 395 2040 Nam
428 1998 448 2041 a
485 1978 618 2042 domino
656 1979 806 2043 visitante
843 1983 892 2041 tot
929 1983 1088 2040 sectarum

8 2115 14 2138 ,
144 2067 346 2144 idolatriam,
385 2068 528 2131 abiectus
565 2074 599 2130 et
635 2067 718 2131 inter
752 2072 863 2148 gentes
901 2065 1086 2131 dissemina·

145 2164 198 2220 tus
223 2164 282 2220 eat.

241 2241 389 2308 ⁵Vaitata
410 2246 537 2327 phrasis
560 2251 623 2322 est,
655 2247 776 2309 Arcum
802 2245 915 2322 Israel,
947 2246 1009 2308 hoo
1040 2251 1090 2308 est

146 2335 329 2418 potentiam
350 2336 450 2397 Israel
472 2342 505 2398 et
526 2337 609 2398 vires
638 2335 769 2398 bellicas
796 2334 876 2411 dici,
907 2333 970 2397 fuit
1000 2332 1090 2396 enim

146 2423 411 2506 potentissimum
443 2444 590 2504 regnum.
648 2425 743 2498 Quod
777 2429 886 2486 autem
923 2422 1015 2498 dicit,
1054 2423 1089 2484 in

146 2515 229 2576 valle
244 2513 370 2589 Iezreel,
395 2513 456 2576 etsi
478 2513 561 2576 forte
582 2513 618 2575 in
641 2529 679 2574 eo
701 2514 771 2576 loco
795 2511 965 2591 singularis
981 2511 1090 2590 aliqua

146 2601 255 2666 clades
283 2608 427 2683 accepta,
457 2606 514 2664 aut
536 2601 704 2665 Zacharias
732 2601 855 2664 occisus
885 2605 948 2676 est,
979 2605 1090 2662 tamen

147 2692 232 2754 nihil
266 2691 433 2780 prohibet,
468 2690 549 2770 quin
583 2691 780 2772 accipiamus
810 2710 868 2771 pro
897 2693 964 2752 toto
991 2707 1089 2769 regno

146 2771 303 2856 Israel,⁶
326 2800 404 2842 nam
439 2780 556 2841 Iezreel
592 2780 780 2862 metropolis
818 2779 882 2842 fuit
916 2777 1088 2854 Samariae,

146 2876 198 3022 ἓξ
198 2869 312 3021 e{adiitt
308 2869 367 2931 ibi
403 2868 491 2948 regia
528 2868 659 2946 domus,
706 2870 790 2933 sicut
826 2867 961 2930 historia
994 2867 1090 2930 Ahab

193 3153 244 3229 Et
266 3171 403 3215 rursus
425 3151 498 3214 illa
516 3149 929 3232 concipienspeporit
944 3149 1089 3228 filiam,

193 3241 386 3321 dixitque
409 3240 459 3304 ad
486 3260 590 3304 eum:
625 3241 731 3304 Voea
758 3259 898 3304 nomen
925 3240 1013 3302 eius
1036 3241 1090 3302 Lo
1214 3232 1216 3238 ⁴

193 3331 385 3411 Ryhamo,
424 3329 516 3410 quia
549 3329 718 3410 posthac
752 3349 830 3392 non
863 3327 1091 3392 miserebor

195 3418 369 3499 amplius
392 3419 529 3482 domus
551 3418 693 3496 Israel,
718 3419 880 3482 omnino
904 3437 979 3480 non
1001 3431 1089 3496 par·
1157 3459 1160 3468 .

196 3527 283 3570 cam
305 3527 352 3569 er.

242 3700 268 3768 1)
286 3699 312 3753 2.
331 3701 399 3766 Reg.
419 3698 462 3754 15.
498 3698 527 3766 2)
546 3699 663 3754 Salium.
699 3697 727 3766 3)
746 3697 909 3752 Menahem.
937 3697 966 3766 4)
985 3699 1089 3753 Hosea.

179 3771 291 3826 'Arcus
309 3772 406 3826 Israel.
443 3770 472 3838 6)
489 3771 603 3825 Iezreel.
