2575 4225
462 247 587 311 Hoseae
610 250 795 331 prophetae.
1038 250 1100 313 199

203 427 246 489 in
261 425 580 506 quodictumeis
602 433 676 489 est:
700 426 976 507 Nonpopulus
992 446 1101 491 meus

201 535 287 591 vos,
316 515 376 578 ibi
403 514 561 579 dicetur
588 515 661 578 eis:
698 514 791 579 Filii
821 514 886 577 dei
911 515 1099 580 viventis.

156 690 273 801 Prior
299 712 373 775 pars
401 692 500 755 huius
526 694 712 774 prophetiae
740 694 776 757 in
806 712 920 773 genere
950 694 1102 775 proponit

216 782 476 863 promissionem,
507 801 548 844 ne
571 782 670 853 Israel
692 782 835 845 abiectus
858 782 893 845 in
916 788 1026 863 gentes
1049 782 1099 845 de·

155 878 263 952 speret
285 870 326 934 de
349 891 447 951 regno
464 866 610 947 Christi,¹
637 870 696 935 sed
719 876 839 935 statuat
861 890 902 935 ex
924 872 985 935 hac
1008 873 1100 952 quasi

155 966 260 1023 morte
280 959 494 1023 enascituram
517 980 635 1024 novam
657 961 767 1036 1111111,
792 959 890 1023 deum
913 961 1001 1025 enim
1016 962 1100 1023 hanc

154 1049 285 1113 minam
321 1049 448 1112 Israelis
485 1054 737 1113 restauraturum
775 1068 852 1112 esse.
918 1050 1002 1113 Nam
1046 1050 1100 1113 hic

154 1157 292 1219 operum
315 1137 368 1201 dei
390 1137 468 1201 ordo
490 1144 553 1214 est,
585 1138 766 1213 mortificat,
791 1158 857 1201 non
880 1138 976 1201 utin
997 1145 1099 1201 morte

153 1227 332 1307 relinquat,
361 1226 418 1289 sed
444 1232 483 1290 ut
505 1226 546 1289 ad
573 1227 809 1309 poenitentiam
836 1232 936 1291 vocet.
983 1226 1034 1289 Sic
1057 1228 1099 1289 ls-

152 1316 219 1379 rael
242 1315 466 1379 disseminavit
479 1315 563 1379 inter
585 1322 706 1396 gentes,
731 1336 768 1380 ac
783 1316 853 1380 sine
876 1315 966 1379 omni
980 1315 1099 1379 miseri·

153 1404 274 1480 cordia,
299 1405 327 1468 si
350 1411 517 1467 externam
539 1405 655 1469 faciem
678 1426 785 1469 rerum
800 1404 990 1482 consideres,
1016 1405 1098 1467 abie-

151 1495 207 1558 cit.
255 1493 330 1558 Non
351 1495 441 1557 enim
457 1493 652 1557 redierunt
642 1514 678 1557 111
701 1500 819 1558 terram
835 1494 965 1557 Oanaan
988 1492 1099 1557 decem

152 1583 268 1645 tribus.

243 1671 307 1733 Sed
333 1672 419 1735 hanc
449 1672 681 1749 calamitatem,
712 1692 811 1751 quam
841 1673 924 1735 bene
950 1691 1097 1754 compen-

151 1761 236 1823 savit
259 1760 361 1823 deus?
406 1760 639 1824 Disseminatos
669 1760 757 1824 enim
787 1761 871 1824 inter
900 1767 1011 1840 gentes
1042 1781 1099 1841 per

150 1849 356 1929 evangelium
378 1848 505 1929 collegit
526 1848 719 1926 iternm,et
705 1849 788 1913 tsie
810 1850 1011 1929 collegit,ut
1033 1868 1099 1913 una

152 1958 228 2001 cum
250 1938 397 2018 reliquiis
419 1938 510 2017 regni
532 1938 631 2001 Israel
654 1937 820 2020 plenitudo
844 1938 990 2017 gentium
1013 1938 1097 2001 veni·

150 2033 200 2091 ret
222 2026 265 2090 ad
288 2026 504 2107 cognitionem
527 2028 619 2107 regni
640 2026 760 2091 Christi
748 2048 768 2089 1.
815 2026 923 2089 Huius
950 2045 1097 2107 compen-

150 2117 287 2181 sationis
313 2117 367 2179 hic
394 2116 547 2181 admonet
533 2118 734 2199 tpopulum
756 2117 870 2192 Israel,
900 2135 941 2178 ne
971 2116 1007 2180 in
1036 2117 1098 2179 ista

150 2207 336 2269 calamitate
303 2206 497 2286 tpenitus
531 2205 730 2288 desperaret
766 2205 850 2269 sicut
880 2225 940 2268 nos
968 2225 1097 2285 quoque

150 2295 339 2375 mitigamus
367 2300 550 2374 praesentes
578 2295 777 2359 calamitates
801 2314 857 2377 spe
883 2295 1010 2357 futurae
1034 2295 1095 2373 glo

150 2384 226 2460 1111,
251 2403 351 2463 quam
373 2383 518 2446 Christus
541 2403 601 2446 sua
622 2390 725 2447 morte
748 2384 843 2446 nobis
865 2383 1000 2464 paravit.

239 2473 347 2553 Atque
370 2471 412 2535 ob
435 2472 520 2534 hanc
542 2492 673 2536 eausam
696 2493 763 2535 non
786 2472 975 2552 simpliciter
996 2471 1097 2534 voluit

148 2562 310 2642 propheta
332 2560 446 2636 dicere,
470 2562 553 2625 mult
539 2561 754 2643 tiplicandum
768 2561 929 2636 Israelem,
955 2558 1095 2622 11111111-

148 2651 254 2731 gulari
277 2649 384 2714 studio
410 2649 518 2713 imitat
504 2656 557 2713 tur
582 2650 680 2715 verba
702 2650 924 2732 promissionis
947 2648 1096 2712 Abrahae

151 2739 268 2815 factae,
292 2738 339 2801 sic
360 2739 449 2802 enim
468 2738 510 2801 ad
533 2759 609 2802 eum
631 2731 1092 2803 (11111111111111111(11111.132

148 2827 184 2890 si
214 2828 289 2909 quis
317 2827 483 2908 pulverem
509 2834 610 2892 terrae
637 2835 695 2909 pot
681 2828 756 2892 terit
782 2847 966 2903 numerare,
998 2827 1096 2896 etiam

148 2935 263 2980 semen
285 2921 380 2980 tuum
405 2935 572 2979 numerare
602 2917 728 2999 poterit.
775 2915 827 2980 Ad
856 2917 941 2978 hanc
964 2915 1095 2997 promis-

148 3005 277 3068 sionem
299 3005 372 3085 quis
394 3025 462 3067 non
484 3004 572 3068 videt
593 3006 750 3088 respicere
778 3005 987 3086 prophetam,
1021 3023 1096 3066 cum

148 3094 247 3172 dicit,
281 3113 454 3156 numerum
475 3094 615 3156 filiorum
637 3094 737 3157 Israel
760 3094 826 3156 fore
860 3091 943 3155 sicut
965 3111 1096 3154 arenam

148 3184 264 3259 maris,
295 3202 395 3262 quam
417 3182 536 3246 frustra
558 3188 615 3245 aut
641 3183 748 3246 metiri
777 3188 835 3246 aut
857 3199 1024 3244 numerare
1047 3201 1095 3243 co·

148 3278 247 3335 natus
270 3272 395 3335 fueris?

239 3361 320 3424 Vult
343 3364 451 3422 autem
472 3359 535 3423 hoo
550 3359 648 3424 modo
669 3361 827 3426 afflictum
851 3360 1009 3443 populum
1024 3377 1095 3420 con·

158 3449 261 3526 111111,
286 3471 327 3513 ne
350 3448 525 3512 abiicerent
547 3469 639 3531 spem
662 3450 763 3513 futuri
785 3451 891 3530 regni,
917 3455 949 3511 et
971 3447 1095 3511 dubita-

151 3727 181 3796 2)
200 3729 225 3783 G
241 3659 268 3725 1)
287 3659 377 3783 11113111
386 3676 438 3728 per
447 3660 628 3727 evangelium
640 3663 788 3714 revocatur
797 3657 834 3712 ad
847 3673 967 3725 regnum
978 3656 1096 3714 Ohristi.

226 3745 288 3784 ene.
345 3773 350 3783 .
370 3748 380 3759 „
