2575 4225
198 278 264 341 322
539 278 643 359 Caput
666 282 795 341 sextum

640 546 697 606 VI.

242 685 419 796 Vadam,
443 684 682 749 revertarad
704 684 832 747 locum
847 705 990 762 meum,
1015 684 1142 749 donec

309 773 502 837 abiiciant
530 779 755 855 peccatum,
792 779 831 836 et
861 781 1055 853 quaerant
1085 774 1139 837 ia·

242 864 340 925 ciem
372 883 513 939 meam,
549 863 593 925 in
621 862 895 926 tribulatione
926 882 1002 926 sua
1034 882 1141 926 acce-

240 952 428 1015 lerabunt
449 951 587 1021 adme.
868 960 875 971 “

197 1127 215 1164 *
270 1151 299 1191 10
328 1130 442 1211 incipit
464 1149 549 1194 nova
576 1128 687 1192 concio
714 1108 754 1190 de
783 1147 882 1207 regno
906 1126 1039 1205 Christi,
1062 1148 1143 1208 -qua

293 1220 413 1283 solatur
434 1218 593 1300 propheta
613 1218 701 1298 pios,
733 1236 773 1279 ne
796 1216 867 1280 istis
891 1217 1141 1293 calamitatibus,

200 1329 265 1389 qua
287 1307 520 1390 impendebant
539 1306 634 1369 deiici
650 1306 796 1368 animum
818 1306 935 1384 sinant.
969 1304 1035 1371 ¹Sic
1050 1306 1141 1375 enirn
1256 1318 1261 1325 '

198 1398 302 1459 solent
315 1396 501 1478 prophetae.
533 1396 616 1457 Cum
631 1394 743 1458 vident
765 1394 920 1459 maiorem
935 1394 1048 1475 populi
1069 1415 1141 1476 par·

197 1492 264 1547 tem
294 1504 403 1547 secure
429 1485 465 1546 in
487 1484 627 1565 peccatis
649 1503 797 1565 pergere,
827 1488 860 1546 et
882 1484 1045 1546 cumulare
1076 1484 1147 1547 sibi

143 1579 145 1582 ’
196 1575 298 1649 iram,
334 1577 525 1636 convertunt
558 1593 593 1635 se
624 1572 667 1634 ad
694 1571 783 1653 pios,
819 1591 901 1651 quos
935 1572 1140 1653 publicarum

196 1682 375 1743 poenarum
389 1660 502 1725 vident
516 1681 584 1723 esee
607 1661 720 1737 socios,
744 1666 782 1723 ut
796 1661 924 1723 discant
945 1680 1002 1742 spe
1019 1661 1143 1741 gratiae

196 1771 254 1831 per
290 1750 454 1814 Christum
488 1749 615 1813 futurae
647 1750 803 1828 mitigare
838 1749 997 1826 dolorem,
1041 1769 1141 1829 quern

196 1840 327 1922 publica
354 1840 519 1902 calamitas
549 1838 729 1901 concitavit.
777 1839 836 1901 Est
861 1844 971 1901 autem
996 1838 1142 1901 maxime

196 1928 334 2009 insignis
356 1928 411 1991 hic
425 1929 524 2004 locus,
548 1927 642 1991 docet
656 1927 745 1989 enim
763 1926 803 1988 de
820 1927 1016 2007 gravissimis
1031 1927 1138 2003 rebus,

197 2017 238 2079 de
261 2017 404 2094 oonsilio,
428 2036 493 2097 quo
516 2008 736 2095 affligit'deus
756 2034 843 2091 suos,
869 2015 909 2078 de
932 2034 1007 2079 vera
1029 2016 1138 2096 poeni·

196 2106 314 2183 tentia,
345 2105 385 2169 de
408 2105 489 2182 fide,
520 2105 561 2168 de
583 2105 812 2168 resurrectione
836 2104 955 2168 Christi
977 2112 1009 2169 et
1031 2104 1140 2168 fructu
1234 2100 1239 2106 ’
1280 2096 1284 2192 j

197 2195 280 2270 eius,
307 2194 404 2257 etde
427 2200 495 2257 toto
518 2195 675 2274 evangelii
697 2194 877 2256 ministerio
904 2195 999 2273 quale
1027 2194 1063 2256 id
1086 2194 1137 2271 sit,
1282 2215 1284 2248 τ

197 2289 230 2347 et
263 2303 344 2364 quos
379 2283 421 2346 sit
453 2283 635 2363 parituram
669 2283 802 2346 fructus.
852 2283 966 2362 Itaque
995 2303 1062 2346 non
1090 2288 1142 2345 est

196 2372 398 2452 negligenter
419 2371 645 2434 transeundus.

285 2461 408 2525 Natura
429 2461 476 2524 sic
498 2481 625 2537 sumus,
651 2480 726 2522 cum
748 2459 933 2540 affligimur,
956 2461 1140 2524 iudicamus

195 2551 295 2612 deum
310 2549 403 2612 nobis
427 2569 496 2613 esse
510 2550 638 2613 iratum.
685 2549 733 2610 Ac
755 2568 867 2612 verum
889 2555 946 2626 est,
970 2548 1040 2612 odit
1058 2549 1140 2612 deus

195 2642 381 2720 peccatum,
412 2644 446 2701 et
466 2636 539 2700 ideo
568 2637 688 2716 infligit
710 2633 860 2717 poenas.1
911 2637 973 2700 Sed
1002 2640 1139 2702 verbum

196 2725 338 2788 ostendit
364 2725 527 2804 insignem
556 2724 773 2788 differentiam
805 2727 889 2789 inter
918 2728 1000 2788 iram
1015 2727 1077 2789 -dei
1106 2732 1141 2790 et

195 2813 376 2880 hominum.
407 2812 566 2876 Homines
589 2834 663 2876 cum
682 2814 871 2894 irascuntur,
896 2815 1015 2878 frustra
1030 2835 1140 2897 speres

196 2903 237 2966 ab
268 2902 314 2965 eis
342 2902 545 2965 beneficium.
602 2903 680 2965 Ideo
711 2903 855 2966 Christus
884 2923 958 2966 oum
989 2903 1018 2967 5.
1049 2925 1139 2985 prae·

196 2998 327 3073 ceptum
342 2997 482 3068 enarrat,
507 2992 678 3054 manifeste
697 2991 784 3068 dicit,
809 2992 897 3072 quod
919 2993 977 3073 qui
991 2993 1142 3056 irascitur

196 3081 301 3156 fratri,
331 3080 495 3143 homicida
517 3075 587 3143 sit²
636 3080 699 3142 Sed
722 3080 775 3142 dei
804 3081 852 3143 ira
874 3087 923 3144 est
944 3082 992 3144 ira
1013 3082 1140 3146 iudicii.

196 3170 268 3231 Etsi
290 3171 379 3231 enim
393 3175 562 3250 peccatum
580 3169 650 3232 odit
665 3174 698 3231 et
712 3170 815 3250 punit,
840 3175 950 3232 tamen
966 3191 1141 3251 personam

196 3279 262 3320 non
277 3258 355 3320 odit.
390 3258 503 3338 Diligit
517 3259 605 3320 enim
619 3255 790 3334 mundum
808 3259 976 3340 sicutipse
992 3259 1140 3324 Christus

196 3346 290 3410 docet
315 3346 427 3410 Iohan.
452 3340 491 3408 3³
525 3352 558 3410 et
578 3341 716 3410 Paulus4
748 3346 840 3424 dicit,
872 3367 932 3411 nos
962 3347 1065 3410 adeo
1093 3349 1142 3411 di-

25 3529 32 3595 ‘3
285 3523 312 3590 1)
340 3522 511 3576 Differentia
521 3522 599 3575 inter
610 3521 658 3575 dei
676 3524 705 3575 et
717 3521 845 3575 hominis
856 3521 937 3576 iram.
962 3520 1002 3588 ’2)
1021 3521 1070 3574 Ira
1081 3521 1131 3577 dei

136 3673 140 3678 .
195 3593 223 3660 3)
242 3594 341 3647 Iohan.
360 3593 386 3646 3.
422 3592 450 3661 4)
469 3594 557 3647 Rom.¹
570 3592 595 3646 5.
654 3620 656 3622 ·

285 3752 310 3819 ⁸)
329 3752 365 3806 In
382 3768 470 3819 marg.
490 3752 644 3808 coll.1en.:
666 3751 830 3807 Consolatio
848 3751 969 3820 piorum.
