2575 4225
183 250 252 314 280
515 251 620 333 Caput
643 256 796 332 quartum

182 427 304 489 iudicio
338 426 507 503 consistet,
545 428 581 489 in
615 448 680 507 quo
715 448 735 490 a
768 428 899 490 domino
934 431 1134 492 accusatur?

168 516 256 578 'Non
279 516 376 591 enim,
401 516 485 578 sicut
506 535 613 578 coram
628 516 751 592 iudice,
773 516 811 578 in
832 517 894 579 hoo
917 517 1036 581 iudicio
1059 538 1133 580 ver-

184 605 235 667 bis
258 603 468 684 disceptatur,
497 604 555 667 sed
577 624 637 667 nos
660 605 724 686 ipsi
747 610 857 667 contra
879 625 937 669 nos
961 607 1134 670 afferimus

184 692 406 755 testimonium
430 692 652 769 conscientiae,
678 699 835 774 tanquam
865 694 1126 775 chirographum.

218 894 258 933 aa
287 870 449 949 quomodo
473 870 640 935 contendit
663 892 719 934 seu
742 871 847 951 litigat
833 864 1046 935 tdominus?
1077 872 1134 934 De

241 959 328 1021 coelo
351 979 417 1023 non
432 965 533 1036 tonat,
556 980 616 1023 neo
636 960 722 1023 ιιιιιιι
713 960 882 1040 tangelos
896 960 1033 1023 nuncios
1049 960 1133 1037 irae

186 1047 243 1110 sed
265 1065 432 1129 pauperes,
457 1054 667 1129 contemptos,
692 1055 725 1112 et
740 1049 835 1111 nihili
849 1048 998 1112 homines
1013 1050 1133 1127 mittit,

186 1156 267 1217 quos
289 1136 432 1199 mundus
455 1143 612 1217 tanquam
634 1138 851 1219 peripsemata
874 1137 1066 1214 contemnit,
1094 1144 1136 1201 et

181 1225 401 1297 abominatur.

281 1309 411 1393 ¹Itaque
435 1314 618 1393 geminatur
639 1315 693 1377 hic
708 1320 820 1395 peccat
820 1336 878 1377 um
892 1315 1017 1377 mundi.
1053 1316 1135 1378 Non

187 1402 276 1464 enim
311 1401 416 1464 solum
450 1410 562 1484 peccat
595 1423 720 1481 secure,
758 1404 814 1467 sed
844 1404 1134 1485 reprehensionem

187 1495 392 1571 peccatorum
414 1511 481 1554 non
503 1492 573 1555 vult
601 1493 692 1555 ferre.
739 1494 878 1555 Accusat
906 1492 1052 1555 doctores
1083 1513 1135 1555 se·

188 1578 335 1654 ditionis,
366 1599 404 1642 ae
426 1580 570 1643 convicia
592 1587 626 1643 et
646 1581 864 1662 blasphemias
890 1581 1133 1662 interpretatur,

187 1686 263 1730 cum
292 1667 384 1730 audit
417 1667 610 1749 reprehendi
644 1676 784 1751 peccata.
837 1669 997 1749 Utrinque
1030 1670 1139 1749 igitur

187 1753 344 1835 urgentur
366 1757 520 1835 doctores,
544 1759 572 1821 si
595 1759 720 1821 faciunt
743 1758 896 1835 officium,
921 1764 953 1821 et
976 1766 1138 1823 accusant

188 1845 363 1922 mundum,
392 1846 535 1910 mundus
561 1848 709 1911 irascitur
739 1854 771 1911 et
793 1848 880 1911 furit.
927 1846 960 1909 si
988 1868 1055 1911 non
1085 1848 1135 1910 fa·

189 1933 288 2011 ciunt,
306 1933 403 1997 deum
419 1936 538 1999 iratum
552 1936 684 2012 habent,
701 1936 784 1999 sicut
798 1942 934 2001 testatur
948 1932 1132 1999 Ezechiel.²

191 2022 324 2104 Oportet
346 2024 461 2104 igitur,
493 2031 530 2088 ut
552 2025 697 2096 doctores
720 2046 838 2105 magno
862 2026 928 2089 sint
950 2026 1073 2102 animo,
1099 2032 1138 2089 et

189 2111 287 2174 libere
311 2120 448 2192 arguant
469 2115 639 2177 mundum.

280 2201 404 2264 Deinde
435 2203 476 2265 ad
504 2204 665 2266 auditores
692 2205 753 2266 hoc
786 2204 997 2286 pertinet,u
974 2205 1138 2268 uthane

190 2288 281 2350 litem
304 2309 361 2352 seu
385 2297 499 2372 expost
485 2292 576 2355 ttula
553 2297 675 2354 tionem
699 2293 865 2356 doctorum
894 2313 961 2356 non
990 2297 1137 2356 contem

191 2384 272 2440 nant
299 2383 455 2460 tanquam
482 2379 654 2443 hominum
682 2401 793 2457 voces,
824 2381 880 2444 sed
907 2387 996 2462 grato
1020 2383 1139 2446 animo

191 2467 367 2548 accipiant,
399 2474 432 2532 et
454 2488 536 2549 quae
559 2470 752 2550 reprehendi
775 2470 926 2546 audiunt,
898 2470 1137 2550 tcorrigant,

192 2555 270 2617 Ideo
293 2555 380 2618 enim
403 2558 482 2620 haec
504 2559 748 2660 expostulatio
739 2579 790 2621 1ns
791 2559 918 2622 tituitur
920 2563 988 2634 ,ut
1003 2559 1044 2621 de
1059 2579 1137 2642 pec

192 2644 272 2705 catis
295 2643 462 2722 admoniti,
485 2646 686 2711 redeamus
677 2667 712 2710 ιιι
734 2648 831 2723 viam,
855 2653 893 2710 ut
913 2654 1076 2750 tempore
1073 2669 1137 2710 ca

191 2730 346 2793 lumitatis
368 2733 543 2796 habeamus
564 2739 775 2815 protectorem
791 2735 897 2812 deum,
922 2755 997 2799 cum
1012 2736 1139 2818 impios

192 2818 365 2899 abripiet
356 2841 404 2884 ιιι
430 2822 472 2883 ad
499 2822 675 2925 interitum.
722 2825 824 2887 Sed
815 2845 881 2887 ram
904 2830 1018 2905 expost
1005 2824 1138 2889 tulatio

187 2927 269 2970 nem
292 2908 470 2974 audiamus.

236 3047 331 3160 Nou
357 3053 519 3131 veritas,
544 3075 623 3118 non
644 3055 945 3132 beneficentia,
969 3075 1045 3118 non
1069 3055 1141 3118 dei

305 3142 488 3222 cognitio
511 3150 573 3207 est
594 3145 633 3206 in
657 3149 770 3206 terra.

243 3325 272 3365 ιο
299 3301 381 3377 vide,
398 3321 497 3380 quam
513 3303 674 3384 sapienter
685 3302 837 3368 instituat
848 3303 1139 3384 reprehensionem

265 3391 431 3473 propheta.
477 3390 550 3453 Non
571 3397 701 3455 tantum
723 3391 811 3470 dicit,
835 3413 900 3472 qua
922 3392 958 3460 in
972 3411 1005 3454 re
1022 3399 1143 3473 peccet.

190 3481 346 3562 populus,
379 3478 436 3541 sed
460 3479 557 3541 simul
579 3481 677 3542 etiam
707 3482 770 3544 hoc
797 3481 970 3562 significat,
1006 3480 1060 3543 eui
1087 3481 1135 3543 rei

188 3653 472 3792 b)E1)hD<5minus
494 3657 610 3708 accusat
631 3655 773 3709 mundum
796 3671 848 3723 per
870 3654 1020 3709 ministros
1042 3654 1131 3710 verbi,

266 3739 312 3778 aec
336 3764 341 3778 .
380 3765 386 3779 .
