2575 4225
215 271 257 335 72
513 271 618 353 Caput
639 269 850 333 undecimum

609 449 754 511 Sanctus.

303 557 378 637 ipsc
393 574 469 618 eum
484 555 663 620 sanctificat
681 559 714 617 et
728 554 889 616 iustificat.
928 553 1012 616 Nota
1025 554 1158 633 ingredi

215 652 248 709 θῖ
270 646 357 708 exire
381 645 466 708 inter
487 644 635 706 homines
660 648 709 705 est
731 643 919 718 conversari,

618 826 652 883 et
673 841 748 897 non,

215 929 327 992 idest:
353 949 420 992 non
441 928 652 992 conversabor
673 928 708 989 in
730 927 914 991 civitatibus
934 932 992 989 etc.
1017 927 1158 990 medum

214 1018 379 1099 regnisui
402 1016 504 1081 futuri
527 1017 639 1099 paucis
663 1017 768 1079 verbis
791 1015 953 1079 describit.
999 1016 1073 1077 Non
1089 1036 1156 1079 cor-

214 1108 323 1188 porale
345 1126 481 1187 regnum
504 1106 574 1182 erit,
599 1105 656 1167 sed
672 1105 847 1185 spirituale,
870 1105 1009 1167 liberum
1032 1104 1068 1165 in
1091 1106 1155 1185 spi·

191 1197 294 1273 „ritu‚
323 1216 391 1258 non
416 1195 550 1258 habebit
579 1195 725 1258 civitates
755 1200 814 1256 etc.
847 1213 982 1273 regnum
1010 1193 1064 1255 dei
1087 1214 1154 1255 non

215 1291 264 1348 θεῖ
285 1286 321 1347 in
344 1284 589 1347 observationes.

484 1460 548 1533 Qui
571 1461 662 1536 sicut
676 1460 727 1521 leo
750 1454 882 1538 rugiet,¹

215 1568 250 1629 id
274 1576 335 1630 est:
361 1567 531 1630 dominum
554 1566 647 1627 illum
662 1570 837 1645 sequentur
860 1566 917 1643 qui
937 1565 1027 1628 dabit
1041 1584 1157 1628 vocem

217 1676 308 1719 suam
335 1663 373 1719 ut
395 1657 539 1737 rugitum
561 1655 673 1717 leonis.
721 1654 774 1717 Sic
795 1654 831 1715 in
853 1655 971 1739 Amos:
1002 1653 1159 1717 dominus

215 1746 320 1825 rugiet
334 1752 404 1821 etc,
425 1745 460 1807 id
476 1750 539 1807 est:
556 1742 795 1823 praedicabitur
809 1743 1012 1823 evangelium
1026 1742 1158 1805 leonino

215 1840 247 1897 θῖ
269 1854 386 1914 magno
410 1833 520 1913 rugitu
544 1839 577 1894 et
597 1851 675 1897 voce
698 1851 818 1911 magna
840 1836 900 1893 etc.
946 1830 1000 1892 hic
1028 1837 1078 1893 est
1105 1832 1158 1895 leo

215 1923 256 1985 de
278 1923 365 1986 tribu
384 1922 467 1984 Iuda
489 1921 547 2001 qui
566 1921 673 1999 rugiet
694 1941 752 2001 pro
773 1920 841 1982 suis
861 1920 975 1982 catulis
998 1925 1031 1981 θῖ
1046 1920 1159 1983 electis

215 2019 327 2075 contra
348 2010 497 2073 inimicos
521 2015 554 2072 θῖ
575 2010 694 2091 impios
717 2015 776 2072 ete.
824 2028 889 2087 quc
912 2008 1058 2088 rugiente

467 2188 691 2251 formidabunt
713 2188 772 2249 fiiii
794 2189 902 2265 maris,

215 2295 251 2357 id
273 2301 335 2358 est:
359 2294 494 2374 fugient,
517 2293 574 2355 illa
584 2294 663 2373 fuga
683 2300 732 2356 θεῖ
747 2314 829 2374 quae
849 2295 888 2356 fit
901 2295 937 2356 in
953 2295 1065 2356 castris
1081 2315 1160 2359 cum

215 2385 448 2554 gpmlpsstprpest,
465 2380 531 2463 hebr
541 2380 625 2464 {turbt
640 2383 775 2446 verbum
793 2388 888 2445 sonat
899 2388 931 2445 et
947 2383 1160 2446 formidinem

588 2631 649 2693 filii
671 2632 778 2708 maris,

217 2737 263 2800 sic
285 2737 440 2800 fortitudo
463 2737 570 2813 maris,
601 2737 724 2800 idest:
754 2739 885 2820 spiritus
911 2739 1075 2802 maximus
1099 2741 1160 2818 qui

215 2825 342 2888 habitat
364 2825 406 2887 ad
429 2845 525 2888 mare.
563 2826 724 2905 significat
737 2826 799 2889 hec
822 2846 910 2890 mare
933 2827 1021 2907 quod
1043 2827 1160 2889 Iudaei

216 2934 386 2997 vesperum
408 2919 540 2990 vocant,
571 2914 605 2977 id
628 2920 692 2977 θεῖ;
725 2921 836 2995 gentes
863 2917 920 2996 qui
941 2916 1093 2992 habitant
1115 2916 1159 2977 ad

215 3013 303 3066 mare
319 3002 598 3068 mediterraneum.
634 3024 701 3066 non
716 3005 866 3068 resistent
880 3004 1104 3068 sedubedient
1115 3006 1157 3065 ei.

581 3176 785 3246 Avclabunt²

217 3292 250 3349 et
271 3285 493 3349 fremidabunt
522 3288 609 3351 idem
638 3289 773 3353 verbum
800 3295 866 3364 est,
897 3288 1086 3367 confugient
1115 3289 1160 3350 ad

216 3375 386 3438 dominum
401 3375 635 3457 percutientem
651 3371 714 3439 εθ.3
751 3377 824 3440 Non
840 3378 945 3440 solum
960 3377 1083 3453 Iudaei,
1099 3379 1156 3440 ser'

217 3464 275 3526 filii
290 3466 399 3541 maris,
423 3465 558 3545 Assyrii,
583 3465 716 3548 Egyptii
739 3471 914 3546 sequentur
929 3465 1100 3529 dominum
1116 3486 1147 3528 af

219 3687 226 3692 ·
307 3671 334 3741 1)
353 3673 436 3728 v.10.
473 3673 501 3741 2)
512 3691 539 3730 v.
553 3674 595 3726 11.
632 3674 661 3743 3)
680 3677 716 3729 In
728 3677 872 3744 margine:
890 3676 950 3730 Nos
962 3679 1063 3742 gentes
1075 3691 1151 3730 voca·

216 3743 291 3797 filios
310 3743 410 3798 maris.
