2575 4225
441 307 477 368 in
499 307 557 369 loc.
581 307 708 370 Hoseae
730 308 820 370 XIII.
992 309 996 316 “
1037 307 1100 371 535

166 482 271 563 seipso
293 480 431 560 gloriari.
477 482 571 545 Nunc
592 482 744 564 intelligit
766 484 829 546 9119
851 485 956 561 verbo,
982 485 1103 548 scilicet

166 571 331 650 evaugelio
354 591 436 651 opus
458 590 537 659 esse,
561 591 625 652 quo
649 573 810 648 eruditur,
835 578 872 635 ut
894 573 1045 654 glorietur
1067 574 1104 635 in

165 659 307 740 domino,
331 665 364 722 et
386 679 469 738 quae
492 665 587 722 antea
608 682 667 741 pro
688 662 777 723 luero
792 661 916 738 habuit,
941 682 1028 724 nunc
1044 682 1102 742 pro

165 747 358 810 detrimento
391 747 518 810 habeat.
565 749 609 811 Et
637 755 675 812 ut
705 751 762 812 fiat
788 751 931 830 sapiens,
967 752 1103 813 stultum

166 855 235 898 9999
258 842 402 917 oportere
424 836 494 898 fieri
516 838 688 917 cognoscit.
728 838 799 900 Hoc
814 838 878 901 fuit
892 839 969 900 huic
984 840 1103 919 populo

165 923 389 999 durissimum,
419 929 452 986 et
473 927 577 989 maior
598 946 673 1007 pars
695 927 780 988 hanc
803 926 974 989 stultitiam
1002 927 1103 989 crucis

165 1012 363 1093 repudiavit,
396 1032 531 1076 manens
553 1015 589 1075 in
616 1015 685 1077 vita
712 1020 745 1076 et
773 1015 873 1094 gloria
900 1015 1045 1076 iusticiae
1072 1020 1104 1076 et

165 1101 344 1181 sapientiae
367 1120 452 1162 suae.
499 1102 562 1164 Sed
584 1103 647 1166 ista
670 1103 807 1165 stultitia
821 1103 932 1182 agnita
947 1107 995 1166 est
1009 1102 1104 1166 beata

167 1195 200 1251 et
221 1189 441 1252 saluberrima.

208 1348 317 1422 -Quia
339 1353 493 1429 tempus
516 1349 613 1424 erit,
643 1350 687 1410 in
709 1369 784 1428 quo
808 1371 887 1412 non
910 1349 1040 1412 stabit
1065 1350 1105 1411 in

212 1435 462 1499 contribione
485 1437 680 1500 filiorum.

167 1593 242 1704 va
264 1596 334 1676 Iege
357 1602 426 1658 erat
448 1601 590 1676 tempus,
615 1596 673 1659 ubi
695 1601 850 1677 perpetuo
874 1597 1103 1677 parturiebant,

222 1690 255 1746 et
277 1703 446 1763 nunquam
468 1684 655 1765 pariebant,
680 1684 831 1747 sectando
854 1685 973 1766 legem,
1002 1685 1038 1746 in
1059 1684 1105 1746 iu·

168 1771 295 1834 stisiam
316 1772 397 1851 legis
420 1793 487 1834 non
509 1779 732 1852 pervenerunt,
757 1772 839 1834 911911
862 1774 950 1835 enim
974 1772 1014 1835 ad
1038 1793 1104 1854 per·

167 1860 290 1924 fectum
312 1860 407 1923 duxit
428 1861 497 1936 lex,
529 1861 585 1923 sed
609 1861 749 1924 ostendit
776 1867 904 1924 tantum
934 1861 1104 1936 iusticiam,

169 1954 201 2013 et
223 1970 290 2013 non
312 1949 504 2029 praestabat.
543 1950 595 2011 Ita
614 1950 735 2029 in‘lege
750 1955 807 2026 est,
833 1969 959 2031 semper
974 1948 1104 2026 (1199999,

168 2043 201 2100 91
238 2038 280 2099 ad
318 2037 486 2100 scientiam
527 2039 670 2102 veritatis
715 2057 884 2119 nunquam
929 2035 1104 2120 pervenire.

169 2123 272 2200 Quia*
293 2127 475 2207 parturiens
498 2147 564 2189 non
585 2128 701 2190 habuit
724 2127 806 2191 vires
834 2128 876 2190 ad
906 2127 1104 2203 enitendum,

168 2220 206 2279 ut
235 2215 331 2278 verbo
361 2216 514 2277 Ezechiae
543 2223 624 2279 utar.
671 2216 722 2278 Ita
750 2216 832 2277 nihil
865 2216 928 2277 fuit
962 2216 1009 2278 ibi
1043 2216 1107 2279 nisi

169 2304 318 2366 contritio
342 2308 374 2365 et
397 2303 563 2367 suffocatio
590 2304 746 2380 filiorum,
778 2304 855 2383 quia
885 2324 927 2366 ex
956 2304 1106 2385 operibus

170 2392 250 2473 Iegis
273 2412 339 2454 non
361 2392 560 2456 iustificetur.
575 2393 642 2454 uIla
665 2412 746 2455 caro.

258 2483 302 2544 At
324 2485 468 2561 tempore
491 2481 611 2560 gratiae
633 2501 701 2546 non
716 2481 855 2562 amplius
871 2486 935 2543 stat
950 2482 1107 2564 Ephraim

168 2570 204 2630 in
227 2568 417 2631 contritione
445 2568 600 2645 filiorum,
629 2570 708 2649 quia
737 2588 848 2631 omnes
877 2590 918 2630 ex
947 2569 1007 2633 deo
1038 2570 1107 2633 nati
1184 2586 1185 2589 ’

170 2664 247 2720 aunt
268 2656 454 2719 felicissimo
476 2663 581 2738 partu.
628 2659 705 2738 Ipsa
727 2657 814 2719 enim
836 2662 939 2720 mater
953 2659 1037 2722 vires
1052 2659 1105 2721 ha-

168 2746 232 2807 bet.
279 2745 331 2807 sie
353 2746 432 2827 psal.
460 2742 570 2808 110.**
615 2746 666 2807 Ex
689 2751 778 2808 utero
807 2765 937 2808 aurorae
964 2748 1025 2809 tibi
1054 2767 1107 2810 999

168 2832 325 2935 pueritiae
348 2838 431 2895 tuae.
472 2834 514 2895 Et
536 2835 608 2896 Esa.
627 2835 679 2895 54.
718 2835 850 2895 Laetare
874 2835 998 2911 91991119,
1024 2855 1106 2915 quae

168 2942 235 2984 non
257 2922 360 3003 paris,
390 2941 522 3003 erumpe
546 2927 578 2983 et
604 2923 721 2997 clama,
751 2942 833 3000 quae
862 2942 928 2985 non
955 2924 1104 3003 parturis,

168 3010 247 3089 quia
269 3010 363 3072 multi
385 3010 444 3070 filii
467 3009 610 3072 desertae
632 3010 751 3110 magIs,
782 3029 880 3089 quam
903 3030 986 3090 quae
1008 3011 1107 3075 habet

168 3098 288 3173 virum,
317 3098 363 3160 919
386 3098 465 3160 Zion
488 3119 554 3159 non
577 3104 641 3161 stat
670 3098 706 3159 in
733 3098 924 3160 contritione
953 3099 1104 3175 1111999999,

169 3186 270 3249 sed
260 3207 296 3247 m
329 3165 393 3248 laet
379 3186 452 3248 titia
485 3187 661 3249 multorum
695 3186 845 3247 filiorum.
892 3188 939 3248 Ι)9
974 3207 1039 3267 qua
1073 3210 1106 3250 re

95 3267 103 3282 ’
170 3274 314 3337 Esaias
304 3294 340 3335 rn
361 3274 472 3336 multis
495 3276 573 3337 locis
597 3274 725 3355 copiose
747 3274 899 3353 loquitur.

215 3431 312 3507 Quia
334 3432 381 3495 (19
404 3432 702 3495 manuinferni
726 3432 916 3495 redimam
946 3453 1026 3509 999,
1056 3434 1105 3495 (19

213 3528 336 3584 morte
358 3520 541 3583 liberabo
564 3540 637 3582 eos.

258 3694 284 3762 ⁸)
303 3695 339 3747 In
356 3711 444 3761 marg.
464 3694 525 3748 coll.
539 3692 610 3747 len:
630 3693 789 3747 Ε9919937.
809 3694 886 3762 (9191)
915 3694 956 3761 ⁴⁸)
970 3696 1006 3748 In
1018 3710 1105 3762 marg.

170 3764 327 3818 coll.1en.:
352 3765 427 3819 Psal.
448 3764 507 3818 110.
545 3764 601 3832 m)
621 3765 657 3817 In
680 3780 766 3831 marg.
793 3766 855 3819 coll.
875 3765 950 3819 Ien:
977 3766 1043 3821 Esa.
1063 3766 1105 3820 54.
