2575 4225
221 290 287 355 498
458 271 563 372 Caput
583 294 737 369 quarum
759 286 922 352 decimum
960 381 971 393 1

311 469 371 531 Est
399 473 509 530 autem
537 466 671 530 ecclesia
697 465 733 526 in
763 463 825 528 hoc
858 464 982 527 mundo
1017 463 1169 527 subiecta

222 558 318 633 cruci,
345 557 455 636 itaque
478 556 540 618 etsi
560 555 644 636 petit
665 554 888 617 liberationem
911 553 952 616 ab
974 551 1166 616 huiusmodi

221 644 439 727 corporalibus
465 644 575 720 malis,
610 649 644 706 et
674 648 782 724 sperat
811 643 910 706 etiam
938 641 1166 706 liberationem
1274 648 1275 653 ’

222 737 314 816 (nam
335 733 437 796 oratio
459 733 529 796 sine
555 731 619 794 fide
648 733 783 795 existere
811 751 877 793 non
903 731 1023 812 potest)
1052 737 1168 794 tamen

221 823 380 905 permittit
406 841 442 884 se
469 822 630 886 voluntati
659 819 800 896 divinae,
836 825 870 900 et
903 819 999 884 sicuti
1028 813 1165 884 Petrus²

222 912 318 988 dicit,
346 910 537 974 humiliatur
559 910 620 973 sub
643 909 769 991 potenti
791 928 892 971 manu
915 907 982 984 dei,
1013 909 1076 971 hoc
1104 913 1164 984 est,

221 1001 267 1064 sic
290 1005 383 1080 urget
405 1018 499 1062 suam
521 1000 735 1074 voluntatem,
767 1003 804 1060 ut
826 1003 937 1060 tamma
964 998 1168 1060 voluntatem

221 1090 276 1152 dei
298 1094 483 1169 anteponat.
529 1080 684 1150 Lazarus²
711 1087 747 1147 in
769 1091 862 1150 tanta
890 1085 1036 1162 miseria,
1063 1086 1170 1164 inque

222 1178 322 1242 tantis
345 1177 539 1240 cruciatibus
560 1177 643 1258 petit
657 1170 890 1251 liberationem,
915 1179 948 1237 et
962 1179 1074 1238 tamen
1092 1194 1165 1236 oon⁴

222 1266 329 1330 stittut
350 1265 439 1348 apud
461 1285 509 1342 se,
541 1285 575 1327 se
598 1263 679 1328 velle
701 1263 761 1326 deo
789 1283 915 1345 parere,
947 1269 981 1326 et
1007 1262 1170 1340 sustinere

222 1355 414 1418 afflictiones
436 1353 529 1430 istas,
554 1353 582 1416 si
604 1351 666 1416 deo
689 1351 865 1444 sio-libeat.
911 1351 963 1414 Ad
985 1352 1076 1414 hunc
1098 1371 1167 1414 rno-

222 1443 302 1506 dum
325 1463 384 1506 nos
407 1461 536 1522 quoque
558 1442 594 1503 in
616 1441 735 1504 nostris
764 1459 821 1504 seu
849 1439 998 1521 periculis
1029 1460 1088 1503 seu
1116 1459 1165 1502 ca·

220 1531 420 1594 tamitatibus
442 1531 609 1607 faciamus.

315 1613 397 1682 ³sed
419 1637 495 1680 cum
517 1618 558 1680 de
579 1618 767 1680 remissione
790 1623 994 1700 peccatorum
1021 1617 1063 1680 'de
1093 1637 1167 1686 san-

222 1709 414 1772 ctificatione
437 1727 495 1789 per
518 1707 668 1788 spiritum
685 1713 833 1770 sanctum
849 1707 936 1770 etde
951 1706 1018 1770 vita
1033 1710 1169 1768 aeterna

221 1798 401 1878 rogandum
424 1802 488 1872 est,
518 1815 585 1863 non
608 1801 657 1859 est
680 1794 828 1857 addenda
850 1796 914 1858 ista
944 1795 1087 1858 conditio
1119 1793 1166 1857 di·

220 1872 315 1951 vin'ae
338 1885 522 1961 voluntatis,
546 1904 624 1946 nam
647 1883 700 1948 dei
723 1885 871 1948 voluntas
894 1882 961 1946 iam
983 1889 1080 1946 antea
1098 1903 1169 1945 ma-

221 1975 341 2039 nifesta
370 1980 419 2038 est
447 1979 481 2036 et
506 1980 606 2050 certa,
642 1971 730 2052 quod
764 1974 833 2036 vrrlt
867 1991 979 2036 omnes
1012 1973 1167 2036 homines

222 2065 326 2129 salvos
348 2063 426 2141 fieri,
451 2062 539 2143 quod
561 2062 631 2128 vult
645 2061 810 2143 ignoscere
825 2067 965 2143 peccata,
989 2060 1169 2142 quodvult

221 2153 341 2216 donare
378 2152 529 2233 spiritum
566 2155 723 2214 sanctum.
779 2151 872 2215 Certa
908 2151 1007 2231 igitur
1043 2150 1168 2213 fiducia
1270 2233 1271 2236 Ἴ

220 2242 301 2303 haec
323 2239 463 2322 petenda
490 2246 582 2317 sunt,
611 2240 681 2302 sine
709 2240 799 2303 omni
827 2239 1011 2303 conditione
1040 2238 1165 2316 addita,

221 2349 299 2393 nam
320 2330 400 2392 haec
422 2329 503 2411 ipsa,
527 2334 566 2391 ut
587 2328 721 2391 donaret
742 2327 837 2391 nobis
853 2330 960 2409 gratis,
983 2327 1058 2391 ideo
1073 2328 1171 2390 misit

221 2418 326 2482 filium
349 2437 444 2481 suum
466 2417 502 2480 in
523 2418 613 2480 hunc
634 2416 805 2480 mundum.
852 2417 895 2481 Et
916 2416 986 2499 ipse
1008 2417 1095 2479 filius
1111 2416 1168 2479 dei

220 2507 294 2570 ideo
317 2526 431 2589 passus
454 2513 487 2570 ct
508 2512 655 2569 mortuus
678 2513 743 2582 est,
767 2505 840 2568 ideo
863 2505 1008 2569 ascendit
1030 2505 1072 2567 ad
1096 2524 1168 2569 coe·

220 2597 270 2659 los
293 2615 461 2675 resurgens
484 2615 504 2657 a
526 2601 642 2671 morte,
675 2600 708 2657 et
730 2594 861 2675 reliquit
885 2594 940 2657 hic
969 2594 1167 2657 mandatum

221 2683 455 2766 praedicandae
477 2684 513 2744 in
535 2684 669 2746 nomine
690 2703 748 2746 suo
772 2684 988 2766 poenitentiae
1003 2688 1036 2745 et
1055 2684 1169 2745 remis*

222 2771 321 2836 sionis
344 2776 557 2852 peccatorum.
603 2772 644 2833 In
665 2772 754 2835 hunc
772 2774 871 2835 finem
885 2771 1028 2835 instituit
1042 2770 1169 2853 baptis

220 2880 328 2936 mum,
359 2859 492 2923 donavit
514 2859 664 2923 ecclesiae
688 2862 805 2938 claves,
836 2867 869 2924 et
885 2880 1006 2944 corpus
1028 2864 1063 2922 et
1093 2880 1165 2923 san·
1268 2891 1269 2894 ¹

221 2950 353 3030 guinem
376 2968 472 3012 suum
494 2950 588 3011 nobis
611 2948 646 3011 in
670 2948 779 3012 cibum
795 2949 893 3013 dedit.
939 2948 1077 3012 Addidit
1095 2955 1165 3012 tan·
1206 2992 1213 3009 s
1269 3015 1270 3018 ,

221 3038 296 3100 dem
319 3038 575 3120 promissionem,
599 3038 759 3115 futurum,
789 3044 826 3101 ut
857 3037 1017 3119 quidquid
1045 3038 1081 3099 in
1108 3057 1170 3100 no·v

221 3126 309 3188 mine
332 3127 434 3207 ipsius
457 3127 684 3207 rogaverimus,
707 3132 799 3209 pater
822 3126 928 3191 donet.

309 3216 423 3295 Itaque
446 3236 487 3278 ne
510 3215 643 3296 quidem
666 3215 843 3295 indignitas
859 3222 891 3278 et
905 3218 1037 3297 peccata
1051 3220 1168 3279 nostra

219 3304 306 3366 hano
327 3303 481 3375 fiduciam
503 3304 597 3367 nobis
620 3302 740 3367 debent
763 3309 920 3381 excutere,
945 3304 1012 3366 imo
1029 3310 1170 3385 peccata.

220 3398 332 3456 nostra
354 3392 396 3455 ad
419 3393 597 3457 orationem
619 3413 678 3457 nos
700 3394 823 3467 hortari
846 3400 879 3457 et
900 3412 1012 3473 urgere
1029 3392 1164 3469 debent,

221 3482 305 3544 siout
326 3483 484 3564 propheta
504 3483 559 3545 hic
581 3482 731 3545 ostendit.
777 3483 860 3545 Nam
890 3483 918 3545 si
944 3487 1076 3563 peccata
1103 3482 1165 3544 im·

219 3621 434 3635 1-0-

311 3692 338 3760 1)
358 3692 382 3745 1.
401 3695 461 3748 Pet.
480 3692 506 3747 5.
543 3692 571 3762 2)
590 3694 658 3749 Luc.
678 3692 720 3746 16.
756 3692 785 3761 3)
808 3692 905 3747 Oratio
929 3692 965 3746 de
989 3691 1170 3747 remissione

219 3768 408 3831 peccatorum.
