2575 4225
448 275 574 341 Hoseae
595 278 781 361 prophetae.
1022 280 1087 345 405
1113 272 1116 281 ’
1176 226 1181 233 ⁵

142 461 228 533 rent,
261 455 325 537 ipsi
347 471 476 535 quoque
499 456 615 520 darent
644 476 766 539 poenas
795 458 961 522 idolatriae
989 460 1102 541 longo
1165 466 1167 471 ’
1195 518 1197 523 ,

144 634 311 697 dimicatio
333 633 466 696 tandem
489 634 569 697 felix
589 635 663 698 fuit.
701 635 753 698 Ad
769 637 857 699 huno
873 636 1006 701 fortasse
1021 658 1087 700 mo-

144 723 224 787 dum
247 721 356 805 potuit
377 742 411 785 se
435 723 591 786 consolari
612 724 721 801 Israel,
751 725 838 805 quod
862 725 922 789 etsi
944 727 1087 806 aliquan·

144 811 202 875 diu
225 812 363 893 graviter
385 811 499 874 afflicti
514 811 588 889 sint,
613 820 724 876 tamen
739 814 886 877 futurum
902 814 1086 895 aliquande,
1208 836 1218 847 ·

143 908 181 974 ut
209 901 326 964 melius
354 900 510 978 habeant,
546 902 630 967 sicut
659 902 710 965 bis
738 902 911 966 infeliciter
938 924 1088 985 pugnans

144 990 259 1067 Israel,
289 990 383 1053 tertio
410 990 531 1072 praelio
557 991 755 1055 Beniamitas
785 992 880 1055 fudit.
927 992 990 1055 Sed
1018 1014 1087 1074 pro·

145 1078 245 1162 pheta
273 1085 370 1159 negat
397 1078 456 1141 tali
483 1079 614 1143 fortuna
636 1100 724 1143 nuno
752 1080 969 1144 dimicaturos.
1017 1083 1088 1145 Etsi

145 1176 255 1232 autem
279 1167 456 1231 sententiae
479 1189 546 1231 non
569 1175 730 1250 pugnent,
759 1176 895 1250 utraque
919 1170 1007 1233 enim
1030 1172 1086 1233 mi·

145 1264 242 1321 natur
268 1256 379 1321 Israeli
405 1256 542 1321 exitium
570 1264 681 1339 tamen
708 1258 795 1339 prior
824 1259 951 1337 videtur
983 1261 1088 1340 magis
1198 1264 1202 1271 ’

145 1346 284 1429 propria,
303 1346 442 1409 liberum
457 1351 568 1409 tamen
582 1347 693 1410 lectori
708 1353 757 1411 est
772 1348 864 1429 sequi
878 1354 984 1413 utram
1000 1349 1087 1413 velit.

235 1434 395 1505 Particula
417 1453 517 1515 quam
540 1436 648 1514 addit,
679 1436 769 1517 quod
791 1444 902 1501 contra
924 1438 1006 1501 filios
1029 1438 1087 1502 ini·
1132 1466 1135 1476 Α
1219 1432 1223 1439 ’

145 1525 281 1605 quitatis
309 1530 436 1605 gestum
463 1531 526 1601 est,
560 1526 703 1607 pertinet
731 1526 773 1589 ad
803 1526 1089 1609 amplificationem

145 1614 280 1696 peccati.
327 1613 361 1675 Si
383 1613 472 1676 enim
501 1615 644 1695 graviore
673 1636 778 1698 poena
806 1616 969 1696 affligetur
990 1617 1089 1679 Israel

145 1722 245 1784 quam
268 1708 340 1765 tum
363 1703 479 1779 Gibea,
509 1704 668 1784 sequitur,
698 1704 796 1768 etiam
824 1710 992 1784 peccatum
1020 1724 1089 1767 esse

146 1792 288 1873 gamus,
321 1810 396 1855 oum
425 1798 536 1855 tamen
565 1791 647 1856 illud
671 1790 915 1857 Gibeonitarum
945 1792 1089 1873 gravissi·

145 1901 239 1943 mum
262 1880 361 1944 fuisse
384 1887 518 1944 constet.

242 2006 329 2071 alde
352 2004 498 2087 cupide
522 2025 585 2070 eos
608 2004 837 2086 castigabo,
862 2013 901 2071 et
923 2024 1089 2086 congre·

259 2096 459 2176 gabuntur
488 2094 682 2160 adversus
717 2117 781 2159 eos
814 2096 969 2179 populi,
1006 2117 1090 2160 cum

192 2185 375 2289 alligabo
398 2191 649 2267 eospropter
664 2185 866 2266 geminum
881 2193 1090 2270 peccatum

192 2294 387 2356 rpsorum.

149 2397 244 2509 Vrde
269 2398 348 2479 quid
371 2405 540 2479 peccatum
563 2399 686 2462 faciat?
713 2400 800 2462 Deus
823 2419 883 2462 sua
904 2406 1020 2463 natura
1043 2405 1092 2462 est

212 2487 297 2565 talis,
321 2494 359 2551 ut
382 2489 492 2570 cupiat
506 2489 625 2564 iuvare,
650 2488 847 2564 benefacere,
871 2487 1022 2568 prodesse
1036 2487 1090 2550 ho·

147 2578 303 2654 minibus,
329 2577 385 2640 sed
407 2583 576 2658 peccatum
597 2578 683 2639 hanc
698 2578 897 2641 voluntatem
919 2583 1034 2654 mutat,
1060 2583 1092 2640 et

147 2667 232 2747 cogit
255 2666 353 2729 deum
377 2671 488 2728 contra
516 2672 667 2729 naturam
698 2685 791 2729 suam
819 2685 887 2730 esse
918 2665 1090 2742 duriorem,

147 2763 185 2821 ut
207 2755 324 2836 puniat
351 2761 548 2837 peccatores,
580 2756 665 2820 siout
690 2756 744 2818 hio
772 2755 852 2819 dicit
879 2776 912 2819 se
942 2755 1092 2818 delectari

149 2846 271 2926 poenis,
295 2865 376 2925 quas
399 2851 510 2925 gentes
532 2844 682 2924 infligent
704 2845 921 2925 pertinacibus
936 2843 1090 2907 idolatris.

239 2933 382 3013 Sequens
404 2934 562 3016 particula
584 2934 625 2996 ab
641 2933 712 2995 aliis
729 2932 820 2995 aliter
834 2932 990 3008 redditur,
1014 2951 1091 2994 nam

148 3022 343 3086 vocabulum
376 3018 556 3102 (onosam)*
593 3021 729 3102 quidam
767 3026 935 3103 exponunt
972 3021 1091 3096 oculos,

149 3111 286 3192 quidam
324 3112 437 3175 sulcos.
495 3111 639 3201 Utraque
678 3110 836 3192 expositio
877 3109 988 3191 inepta
1033 3115 1090 3172 est.
1183 3165 1186 3174 s

149 3201 314 3281 Pagninus
335 3206 420 3264 recte
443 3200 536 3277 facit,
564 3199 622 3280 qui
645 3199 725 3264 dicit
747 3219 815 3264 esse
839 3218 948 3265 vocem
973 3199 1093 3260 factam

150 3290 190 3351 ab
216 3291 308 3366 ,Aon‘
333 3289 421 3369 quod
444 3294 613 3370 peccatum
637 3287 811 3368 significat,
843 3293 881 3352 ut
904 3288 946 3351 sit
969 3292 1092 3350 senten-

150 3378 210 3456 tia,
235 3383 366 3459 propter
388 3379 556 3458 geminum
579 3384 764 3460 peccatum,
788 3379 851 3441 hoo
873 3382 935 3454 est,
963 3380 1094 3457 propter

240 3552 266 3620 ·)
284 3552 321 3606 In
348 3555 485 3607 contextu
510 3553 572 3607 coll.
598 3553 690 3608 Vuitt
716 3555 747 3606 et
767 3552 828 3606 Ien.
854 3551 939 3606 etin
964 3549 1093 3617 margine

157 3623 229 3676 len:
262 3622 397 3677 Onasam.
435 3624 470 3677 In
496 3623 541 3678 ed.
564 3624 655 3692 prino.
681 3622 840 3690 legebatur:
872 3620 1013 3691 Onasom,
1042 3620 1094 3676 sed

157 3693 229 3777 inter
247 3694 359 3748 indices
376 3694 581 3750 vocabulorum
605 3693 837 3762 corrigendorum
855 3693 970 3760 legitur:
1003 3691 1093 3748 Corri·

161 3779 202 3830 gas
220 3781 264 3818 m:
283 3781 411 3820 onosam.

1235 3977 1241 3986 ¹*
1226 3867 1252 3928 5¹²5·
1243 3825 1247 3836 ⁴·
1242 3775 1252 3808 ln*
1241 3709 1254 3744 Δια
1242 3541 1254 3576 ῖᾼᾼ
1233 3277 1257 3508 -22232.‡;2‹’'‘-‘1;·2'2{2r-
1253 3213 1255 3232 „„
1253 3181 1258 3190 ,
1240 3107 1251 3154 3
1244 2987 1257 3068 ,-Α,Α-;
1249 2895 1255 2952 ,
1236 2827 1257 2848 <J
1252 2759 1257 2770 Α,
1251 2719 1257 2744 s„
1246 2677 1254 2686 -.
1244 2645 1254 2650 i
1236 2609 1256 2626 Α,
1253 2583 1255 2586 .
1253 2533 1258 2536 ,
1241 2447 1257 2492 ·.‘·„
1248 2409 1253 2420 κ
1254 2371 1257 2382 A„
1248 2335 1255 2352 J
1249 2313 1252 2318 -
1238 2271 1254 2290 ⁴⁸2„
1240 2201 1257 2246 ..νζ-Α
1237 2125 1257 2180 ⁴²³.ss
1225 1992 1256 2101 ;„<.›,2‚A'<A*
1249 1962 1256 1973 -„
1248 1920 1254 1945 „2
1230 1888 1231 1893 Α
1245 1812 1253 1831 2³:
1246 1786 1256 1793 t
1247 1756 1248 1759 „

1253 3771 1261 3786 ”⁴
1246 2397 1278 3746 ωῐςῃῷζυψῖϋῇᾼέἕεέᾐιξψυωῖζειῶῑ-»Λή-ξιτ,ῑ-ικω.Ὰειιιρᾲε-ε-ῑςεςει·
1274 2349 1278 2376 ,Α
1251 2151 1278 2330 afim-,52:331
1253 1706 1278 2138 22:³25::2·2·22-:÷f⁴²⁵·„³“-³=·z2«3=5⁴.<222·e

12 613 14 616 Α
142 553 289 625 tempore
316 543 352 606 in
381 551 492 608 monte
521 546 679 626 Ephraim
707 548 854 611 usitatae.
901 546 965 611 sed
994 548 1088 613 tertia
