2575 4225
722 26 743 71 0

189 241 253 303 198
506 236 611 316 Caput
633 235 812 299 secundum

185 417 390 497 negociorum
424 414 617 495 prophetam
645 389 746 492 cogit,
787 419 824 475 ut
852 412 1016 491 ostendat,
1052 416 1132 494 quid

184 512 309 568 vastato
331 524 430 585 regno
453 502 552 565 Iudae
582 502 730 565 futurum
752 502 803 578 sit,
834 508 867 564 et
888 503 1017 581 qualem
1039 504 1132 566 habi-

183 602 275 657 turus
299 592 378 656 deus
401 594 437 655 in
459 590 583 654 mundo
606 592 649 654 sit
673 590 849 666 ecclesiam,
881 598 1054 671 postquam
1076 594 1131 655 1116
1223 628 1229 636 -

184 684 339 764 populus,
369 682 426 763 qui
447 682 552 761 legem
575 686 608 743 et
629 680 753 742 cultum
776 678 829 741 dei
850 680 973 756 habuit,
1002 688 1135 763 propter

184 779 355 852 peccatum
378 771 521 838 abiectus
544 775 601 832 est.
649 770 761 848 Itaque
785 768 859 831 illae
879 770 1068 850 prophetiae
1092 772 1133 834 de

186 861 320 923 eeclesia
359 861 435 923 nord
471 858 657 922 testamenti
693 857 856 939 pertinent
890 858 931 919 ad
960 858 1133 922 articulum

186 950 341 1030 symboli,
372 950 408 1012 in
431 968 495 1029 quo
518 948 705 1029 profitemur
732 966 791 1009 nos
814 946 940 1009 credere
964 948 1135 1011 ecclesiam

186 1045 331 1101 sanctam
346 1044 379 1101 et
393 1037 594 1112 catholicam,
619 1036 680 1099 etsi
701 1034 788 1097 enim
812 1036 1010 1116 experientia
1029 1037 1132 1114 docet,

185 1128 294 1189 omnia
316 1127 431 1190 mundi
454 1146 553 1206 regna
575 1144 634 1187 sua
657 1124 749 1205 quasi
772 1124 839 1188 fata
860 1125 988 1202 habere,
1013 1127 1134 1206 quibus

184 1216 355 1292 intereunt,
385 1223 496 1279 tamen
519 1215 598 1277 deus
622 1233 748 1294 semper
770 1214 805 1274 in
828 1213 951 1276 mundo
975 1215 1038 1277 sibi
1062 1216 1132 1277 reli·

184 1324 287 1383 quum
316 1305 394 1367 facit
415 1304 589 1386 populum,
628 1324 649 1365 a
677 1322 741 1382 quo
765 1309 955 1381 agnoscatur
984 1310 1018 1366 et
1043 1325 1133 1385 prae

186 1393 318 1455 dicetur.

278 1477 465 1561 ¹Utrunque
480 1481 578 1561 igitur
589 1480 764 1562 prophetae
781 1480 967 1571 admonent,
984 1481 1130 1561 primum

184 1571 354 1632 hortantur
380 1570 421 1632 ad
450 1570 599 1633 timorem
629 1569 698 1645 dei,
729 1568 890 1649 siquidem
912 1576 1054 1633 veterem
1077 1591 1131 1651 po-

184 1660 309 1739 pulum,
333 1665 462 1741 propter
484 1664 654 1740 peccatum
673 1656 834 1721 abiectum
858 1678 926 1721 esse
942 1659 1129 1736 ostendunt,

185 1748 241 1827 qui
264 1755 374 1811 tamen
397 1747 449 1810 dei
464 1749 603 1829 populus
626 1753 660 1810 et
681 1747 775 1826 quasi
796 1747 960 1827 peculium
983 1748 1129 1811 deierat.

184 1830 475 1900 811111111111112
504 1854 631 1915 quoque
661 1835 817 1916 appellat,
850 1856 925 1898 cum
954 1836 1050 1899 dicit:
1091 1838 1131 1899 In

183 1926 314 2008 propria
336 1926 433 2003 venit,
458 1931 491 1987 61
513 1924 564 1987 sui
587 1943 662 1986 eum
685 1944 751 1987 non
774 1931 999 2004 cognoverunt.

272 2014 396 2078 Deinde
439 2014 537 2077 etiam
573 2013 690 2076 docent
731 2012 771 2074 de
808 2013 1037 2077 inaestimabili
1078 2014 1131 2077 dei

183 2104 337 2180 bonitate,
362 2111 394 2167 et
415 2104 585 2167 hortantur
608 2102 650 2164 ad
669 2101 777 2166 fidem.
825 2100 915 2165 Sicut
937 2103 1025 2165 enirn
1050 2103 1130 2166 deus

184 2212 242 2254 suo
258 2193 378 2273 populo
390 2192 568 2255 discedenti
583 2212 603 2253 a
613 2192 710 2256 verbo
726 2197 758 2255 et
776 2191 927 2254 retinenti
947 2192 1131 2256 idolatriam

183 2301 249 2342 non
272 2280 383 2362 parcit,
412 2281 458 2343 ita
481 2299 609 2360 quoque
632 2301 699 2342 non
723 2280 800 2343 sinit
832 2301 866 2343 se
889 2281 1036 2360 gentium
1060 2301 1130 2364 pec·

182 2371 262 2432 catis
285 2369 450 2451 impediri,
480 2370 538 2449 qui
560 2369 744 2449 ignorantes
766 2376 915 2449 peccant,
940 2376 972 2432 et
994 2371 1132 2433 verbum

182 2479 248 2520 non
270 2459 401 2537 habent,
427 2459 508 2539 quin
531 2478 585 2520 eos
608 2464 700 2521 vocet
723 2457 765 2519 ad
789 2458 1005 2538 cognitionem
1029 2461 1131 2523 nomi·

182 2548 233 2609 nis
257 2549 322 2625 sui,
353 2555 386 2610 et
408 2549 593 2611 societatem
623 2545 715 2626 regni
742 2546 870 2608 Christi.
917 2548 990 2610 Non
1019 2554 1131 2611 autem

183 2635 319 2697 dubium
334 2642 392 2712 est,
417 2637 444 2698 11
460 2635 550 2698 abuti
566 2635 730 2715 evangelio
746 2635 955 2698 Germanicae
979 2638 1131 2700 ecclesiae

182 2729 332 2802 pergent,
364 2724 444 2803 quin
471 2723 551 2786 deus
574 2744 627 2786 eas
652 2742 779 2805 quoque
803 2723 985 2788 abiecturus
1009 2726 1066 2803 sit,
1099 2733 1132 2789 et

182 2811 279 2873 aliam
306 2811 472 2874 nationem
495 2813 666 2889 electurus,
698 2832 756 2894 pro
780 2813 879 2875 tantis
902 2813 996 2878 donis
1024 2815 1130 2894 magis

182 2907 316 2979 gratam.
362 2901 410 2963 Ne
434 2901 532 2982 igitur
554 2901 658 2964 securi
682 2901 792 2977 simus,
822 2901 879 2963 sed
902 2907 935 2963 et
956 2903 1131 2966 timeamus
1257 2971 1258 2982 ,

183 2988 361 3067 dominum,
386 2996 418 3052 et
433 2996 590 3070 tanquam
613 2989 794 3052 beneficum
817 2995 952 3071 patrem,
978 2989 1034 3070 qui
1057 3011 1132 3073 pec·

181 3084 303 3140 catores
332 3079 483 3155 assumit,
519 3097 594 3141 eum
630 3077 891 3160 complectamur.
939 3077 1002 3141 Sed
1040 3100 1132 3143 nunc

181 3169 308 3228 textum
331 3167 573 3248 explicabimus.

271 3345 327 3408 111
363 3350 494 3408 autem
530 3364 724 3408 numerus
759 3344 946 3407 filiorum
976 3344 1131 3422 Israel,

289 3434 396 3497 sicut
423 3451 542 3495 arena
568 3434 702 3510 maris,
740 3452 842 3513 quae
869 3453 942 3496 nec
972 3452 1132 3496 mensu·

225 3521 768 3602 rarinecnumeraripotest.
801 3521 944 3586 Eterit
966 3521 1007 3583 in
1022 3519 1130 3600 loco,

273 3712 300 3776 l)
320 3713 480 3779 Prophetae
493 3715 596 3768 docent
614 3713 748 3768 timorem
767 3719 796 3768 et
808 3714 903 3768 fidem.
940 3713 968 3781 2)
986 3713 1086 3766 Iohan.
1102 3713 1131 3768 1.
