2575 4225
431 276 557 339 Hoseae
579 277 764 359 prophetae.
793 288 798 311 ¹
1004 280 1069 344 319

7 451 9 528 ξ
126 454 204 516 huie
221 453 422 517 obedientiae
438 455 584 535 poenas?
614 454 819 537 Respondeo:
849 449 1069 537 ¹Magistratui

7 585 9 626 ,
127 543 321 625 praestanda
342 550 393 606 est
413 543 597 607 obedientia
617 545 654 607 in
677 544 835 622 civilibus,
859 551 891 609 et
914 566 996 626 quae
1019 548 1070 610 sui

128 630 180 714 (ut
202 631 370 713 loquntur)
393 632 455 695 fori
480 638 565 696 sunt.
613 634 694 696 Cum
726 640 835 697 autem
863 635 1070 715 magistratus

7 714 9 796 ζ
128 727 219 784 extra
241 741 337 784 suurn
360 722 482 797 forum,
512 722 639 804 prosilit
661 723 696 785 in
719 723 823 785 forma
846 722 914 800 dei,
946 731 978 788 et
1000 726 1071 789 vult

7 807 9 870 ὲ
127 810 283 873 mandare
306 830 389 891 quae
403 810 500 875 verbo
519 810 572 873 dei
586 811 750 893 prohibita
773 816 858 889 sunt,
882 812 936 875 hie
952 814 979 875 si
996 814 1070 893 quis

7 895 8 936 ⁷
128 899 248 976 obedit,
272 905 392 981 peceat.
438 900 689 980 Agnoscendum
708 901 796 963 enim
812 906 861 963 est
877 901 1069 965 mandatum

7 993 9 1024 ³
128 988 302 1069 superioris
324 989 460 1065 domini,
484 995 517 1051 et
531 988 562 1051 ei
584 989 775 1070 parendum,
800 990 884 1053 sieut
898 990 1009 1054 Petrus
1024 991 1069 1054 di·

7 1078 9 1097 *
128 1079 186 1140 eit:
204 1077 273 1140 Deo
291 1078 394 1157 magis
410 1076 628 1141 obediendum
643 1097 722 1154 esse,
739 1097 838 1158 quam
853 1076 1073 1142 horninibus*

217 1167 357 1247 Urgetur
379 1166 552 1229 Germania
573 1166 670 1230 hodie
692 1168 755 1229 hoo
777 1186 906 1248 quoque
928 1174 1070 1248 peceato.

127 1255 200 1318 Non
216 1256 321 1319 solum
337 1256 579 1338 enimepiscopi
595 1262 715 1336 cogunt
730 1276 804 1319 suos
820 1256 861 1317 ad
877 1255 1068 1334 idolatriam,

7 1400 9 1411 .
129 1345 185 1407 sed
220 1344 345 1408 faciunt
372 1344 461 1407 idern
489 1345 661 1426 principes.
719 1347 767 1407 Aa
800 1345 981 1408 iudicamus
997 1366 1072 1409 -uos

127 1434 308 1513 plerunque
330 1434 411 1496 illud
432 1433 640 1513 magistratus
662 1439 831 1515 peecatum
854 1434 934 1516 ipsis
950 1435 1070 1497 nocitu-

7 1547 9 1616 Ξ
128 1542 217 1599 rum,
249 1542 317 1585 non
338 1522 487 1585 subditis.
534 1522 597 1585 Sed
625 1524 818 1606 prophetam
847 1524 902 1586 hio
925 1524 1011 1601 audi,
1042 1526 1072 1587 is

7 1662 9 1675 ι
129 1611 248 1675 diserte
279 1612 372 1688 dieit,
402 1611 606 1694 puniendum
628 1613 742 1690 Israel,
779 1613 866 1693 quod
894 1612 968 1676 ierit
997 1619 1070 1693 post

7 1717 8 1748 i
128 1701 285 1764 mandata
306 1719 436 1764 suorum
459 1720 581 1781 regum.

219 1790 306 1864 Quid
333 1790 433 1869 igitur
459 1789 645 1852 iaciendum
673 1790 765 1852 erat?
810 1789 953 1852 Erantne
981 1810 1072 1869 reges

130 1878 280 1941 eiiciendi
302 1898 410 1959 regno,
435 1884 491 1941 aut
512 1879 561 1942 vis
584 1877 729 1960 paranda
744 1884 855 1942 eontra
877 1879 953 1940 eos?
987 1878 1069 1941 Non.

130 1967 191 2030 Sed
215 1969 335 2031 iniuste
357 1968 593 2049 imperantibus
615 1986 682 2029 non
713 1972 781 2029 erat
802 1966 998 2048 parendum,
1034 1988 1073 2030 ao

130 2058 237 2140 potius
260 2057 414 2138 patienda
436 2061 588 2134 extrema,
613 2055 698 2120 siout
720 2056 906 2137 exemplum
928 2055 1073 2142 Danielis

130 2153 162 2210 et
177 2167 308 2211 suorum
325 2145 569 2211 coniunctorum
585 2145 735 2209 ostendit.
767 2145 819 2208 Ad
833 2146 922 2208 hune
938 2146 1071 2208 modum

130 2237 196 2300 suis
212 2237 371 2318 episeopis
387 2243 420 2300 et
434 2236 635 2318 principibus
650 2234 833 2298 idolatriam
848 2235 1072 2312 retinentibus,

131 2332 162 2388 et
193 2325 331 2388 adeam
358 2325 546 2406 angentibus
576 2343 665 2400 suos,
702 2323 825 2386 subditi
863 2344 930 2386 non
960 2344 1071 2405 parere

131 2415 306 2491 debebant,
337 2415 390 2477 dei
424 2413 512 2477 enim
541 2412 734 2476 mandatum
763 2413 868 2474 maius
898 2418 946 2474 est
973 2431 1071 2491 quam

130 2503 283 2580 hominis,
308 2511 340 2568 et
354 2508 404 2566 est
418 2521 546 2584 quoque
562 2501 763 2564 obedientiae
779 2501 883 2563 maius
899 2500 1071 2581 premium.

131 2593 215 2655 Nam
237 2592 292 2655 hio
308 2612 423 2674 eorpus
445 2598 573 2655 tantum
589 2589 631 2652 ad
653 2590 748 2654 breve
767 2596 897 2672 tempus
919 2589 1072 2670 relinquit

132 2681 296 2758 illaesum,
326 2682 380 2744 ille
407 2686 516 2744 autem
538 2699 654 2761 eorpus
683 2685 716 2742 et
738 2679 881 2742 animam
912 2685 1016 2742 servat
1036 2677 1072 2740 in

134 2776 309 2834 aeternum.

223 2916 270 2956 oo
293 2893 396 2957 enim
420 2893 537 2974 quasi
559 2894 671 2956 tinea
693 2912 780 2954 sum
804 2889 1008 2970 Ephraim,
1033 2897 1073 2951 et

239 2984 357 3064 quasi
380 2983 518 3046 teredo
541 2981 682 3044 domui
704 2978 808 3041 Iuda.

138 3102 235 3216 ²H1e
259 3107 401 3190 exponit,
426 3105 579 3187 quae'illa
594 3106 642 3169 vis
666 3103 717 3180 sit,
746 3109 778 3166 et
794 3102 867 3205 quis
882 3101 990 3205 iudex,
1015 3103 1073 3182 qui

227 3198 379 3260 Israelem
395 3196 588 3270 contriverit,
606 3213 724 3274 nempe
741 3192 891 3254 dommus
908 3211 988 3272 rpse>
1025 3193 1074 3252 Ae

134 3288 235 3349 utitur
258 3285 436 3349 illustribus
460 3283 579 3364 figuris.

222 3461 251 3528 1)
278 3462 425 3525 Quatenus
448 3458 609 3527 parendum
626 3453 848 3524 Magistratui.”
884 3453 912 3520 2)
932 3453 1076 3507 Dominus

141 3533 212 3588 tinea
230 3536 260 3585 et
277 3532 376 3586 teredo
395 3530 563 3598 appellatur.
600 3569 603 3574 .

224 3691 249 3760 ⁸)
266 3693 303 3745 In
320 3708 408 3758 marg.
426 3691 488 3745 coll.
507 3691 570 3743 len:
591 3690 651 3742 Aet.
665 3687 690 3742 5.
728 3686 769 3755 ”)
788 3687 823 3739 In
842 3686 903 3740 coll.
922 3684 1013 3740 Vuitt.
1032 3684 1073 3737 le·

158 3764 223 3819 itur:
250 3763 344 3828 Quam
362 3768 484 3819 vatenus
503 3777 564 3830 sqq.
585 3759 667 3828 (sict)
