2575 4225
340 230 347 247 .
449 267 548 329 Oscae
570 268 755 348 prophetae.
1009 269 1073 332 105

129 443 171 506 In
187 441 554 519 summa‚·christianus
569 453 683 525 regnat
696 445 828 526 ubique,
852 445 1002 527 princeps
1025 453 1074 510 est

133 532 293 608 omnium,
318 538 414 612 atque
436 533 534 595 huius
556 535 648 614 regni
670 553 737 598 non
761 535 821 598 erit
844 535 927 597 finis.

288 709 328 773 In
350 710 572 774 misericordia
592 718 625 774 et
647 712 916 777 miserationibus.
943 717 946 724 ’

133 811 260 926 Hanno
276 815 458 878 Rchamim.
496 818 646 921 Hebraea
659 820 771 899 lingua
786 820 951 901 copiosior,
976 839 1075 899 quam

199 907 252 969 vel
271 923 393 984 graeca,
417 907 469 970 vel
487 907 588 969 latina
602 928 638 969 rn
654 908 816 972 vocabulis
832 909 1073 990 propiciationis

3 1023 11 1079 ⁵.
133 1002 167 1058 et
188 993 437 1057 misericordiae.
483 996 543 1059 Est
564 1002 673 1058 autem
688 997 816 1078 proprie
832 993 1068 1059 misericordial

132 1084 169 1146 id
191 1084 281 1163 quod
304 1082 422 1145 Paulus
444 1078 537 1166 χοῖρον
552 1086 715 1158 nominat;
740 1086 847 1149 Latini
870 1086 1073 1161 beneficium,
1187 1083 1189 1090 '

133 1173 290 1236 Germani
310 1167 416 1237 &abab
431 1173 511 1255 thc.
556 1174 664 1236 Huius
687 1174 777 1237 modi
800 1176 906 1256 plures
923 1180 998 1237 sunt
1012 1173 1074 1236 loci

133 1269 202 1324 tam
224 1262 262 1322 in
284 1261 436 1342 psalmis,
467 1282 566 1345 quam
595 1263 631 1324 in
661 1263 732 1326 aliis
762 1264 944 1344 prophetis,
976 1264 1074 1325 etiam

3 1372 8 1436 l,
134 1351 223 1432 apud
248 1350 399 1420 Paulum.
438 1352 630 1432 ¹Vtcunque
659 1353 793 1434 perfecti
816 1353 932 1428 simus,
965 1358 1075 1414 tamen

135 1438 311 1519 aliquando
341 1439 497 1501 labimur:
528 1440 585 1503 sed
614 1441 676 1519 hoc
706 1448 874 1522 peccatum
905 1442 947 1503 sit
976 1460 1074 1521 quan-

134 1529 257 1591 tumvis
279 1548 445 1608 magnum,
469 1529 642 1592 donabitur
665 1549 816 1610 sponsae,
842 1536 874 1592 et
895 1529 957 1592 hoc
980 1529 1075 1610 signi-

135 1617 211 1678 ficat
234 1617 270 1678 in
293 1611 582 1680 miserationibus.⁸

336 1795 379 1856 Et
401 1784 562 1875 sponsabo
585 1801 616 1857 te
639 1795 722 1857 mihi
744 1795 780 1858 in
803 1769 875 1858 fide.

175 1923 268 1964 crasa
297 1901 376 1962 haec
398 1901 537 1962 hebraea
560 1901 659 1965 dictio
682 1903 894 1984 interpretari,
920 1903 1001 1965 etin
1017 1904 1076 1965 vir·

189 1998 269 2054 tute.
316 1990 359 2050 Et
380 1996 489 2070 posset
510 1989 564 2052 hic
587 1992 661 2069 quis
676 1992 770 2071 plura
785 1991 988 2070 sophisticari
1011 2012 1075 2054 non

136 2079 236 2143 fidem
267 2079 472 2175 intellectam.
520 2077 582 2141 Sed
612 2098 767 2159 quorsum
798 2079 933 2143 attineat
962 2099 1077 2162 parum

136 2170 248 2246 refert,
293 2176 457 2248 utcunque
492 2167 657 2237 reddatur
679 2167 791 2245 dictio,
833 2169 930 2232 modo
965 2190 1078 2233 sensus

3 2261 10 2291 “·
134 2259 261 2337 integer
295 2263 433 2320 maneat.
495 2258 613 2319 Paulus
653 2258 826 2337 aliquando
867 2258 942 2322 data
982 2278 1080 2340 opera

137 2348 230 2409 aliter
252 2345 360 2409 reddit
382 2346 549 2422 dictiones,
573 2353 611 2409 ut
632 2353 846 2428 praestrueret
874 2368 910 2409 os
939 2346 1002 2409 illis
1030 2367 1078 2409 ca·

135 2436 356 2510 villatoribus,
396 2434 453 2514 qui
492 2454 589 2516 super
623 2455 696 2497 una.
720 2435 859 2499 dictione
891 2436 935 2497 sic
967 2435 1078 2497 acerbe

136 2524 296 2587 rixantur.
344 2523 510 2586 Sententia
532 2531 595 2587 est:
632 2524 794 2603 Quicquid
824 2544 890 2586 non
918 2530 966 2585 est
988 2523 1078 2599 fides,

67 2676 79 2696 χ
136 2618 283 2675 nonest
312 2633 439 2694 sponsa.
490 2612 653 2694 Quicquid
683 2620 774 2676 extra
802 2612 900 2674 fidem
931 2618 992 2689 est,
1031 2618 1081 2675 est

137 2701 293 2765 adultera.
320 2702 406 2764 'Vbi
435 2721 508 2763 vero
539 2702 619 2763 fides
651 2701 767 2779 aderit,
797 2700 844 2763 ibi
871 2700 981 2763 omnia
1010 2721 1078 2783 per-

137 2790 225 2853 fecta
248 2796 334 2867 sunt,
359 2790 563 2871 proficiemus
586 2788 627 2851 de
651 2789 703 2853 die
727 2791 761 2852 in
785 2790 880 2866 diem,
905 2791 945 2852 de
960 2790 1078 2854 virtute

137 2879 175 2940 in
196 2880 360 2943 virtutem.

437 3039 480 3101 Et
503 3039 565 3101 erit
586 3039 621 3100 in
645 3036 698 3100 die
721 3038 785 3099 illa.

177 3166 274 3208 rvavs
300 3144 342 3205 ad
366 3138 587 3211 Corinthios³t
610 3142 767 3225 Tempore
784 3148 913 3224 accepto
929 3141 1080 3207 exaudivi

191 3240 233 3297 te.
266 3226 369 3295 Psal.⁴
403 3234 562 3297 Clamabit
578 3230 619 3295 ad
634 3240 669 3296 tc
684 3232 790 3295 omnis
806 3238 935 3295 sanctus
951 3232 986 3293 in
1001 3237 1078 3293 tem-

114 3317 119 3324 ’
139 3343 214 3385 nore
239 3328 432 3403 opportuno.
478 3323 518 3384 In
533 3342 616 3386 novo
631 3313 825 3385 testamento
841 3320 936 3383 datur
951 3316 1097 3400 Christi,

175 3411 209 3473 ds
231 3412 315 3473 haec
338 3411 452 3490 gloria,
483 3410 570 3491 quod
593 3412 672 3473 certi
695 3418 771 3474 sunt
793 3411 891 3472 deum
914 3407 1079 3471 exauditu-

171 3521 210 3562 rm
227 3520 309 3591 eos..¹
359 3500 443 3561 Nam
477 3499 610 3580 spiritus
644 3498 837 3583 interpellat¹
861 3518 918 3579 pro
952 3488 1075 3559 nobis⁵

184 3672 474 3807 legltgisericordia.
498 3672 527 3741 2)
539 3672 695 3728 Miseratio.
720 3671 748 3740 3)
758 3671 783 3725 2.
795 3670 857 3752 Cor.
869 3671 893 3724 6.
913 3670 940 3738 4)
950 3670 1025 3725 Psal.
1035 3669 1079 3723 31.
