<?xml version="1.0" encoding="UTF-8"?>
<!DOCTYPE html PUBLIC "-//W3C//DTD XHTML 1.0 Transitional//EN"
    "http://www.w3.org/TR/xhtml1/DTD/xhtml1-transitional.dtd">
<html xmlns="http://www.w3.org/1999/xhtml" xml:lang="en" lang="en">
 <head>
  <title>
</title>
<meta http-equiv="Content-Type" content="text/html;charset=utf-8" />
  <meta name='ocr-system' content='tesseract 3.04.00' />
  <meta name='ocr-capabilities' content='ocr_page ocr_carea ocr_par ocr_line ocrx_word'/>
</head>
<body>
  <div class='ocr_page' id='page_1' title='image "./exegeticaoperal13luthgoog_0242.png"; bbox 0 0 2575 4225; ppageno 0'>
   <div class='ocr_carea' id='block_1_1' title="bbox 449 274 1084 361">
    <p class='ocr_par' dir='ltr' id='par_1_1' title="bbox 449 274 1084 361">
     <span class='ocr_line' id='line_1_1' title="bbox 449 274 1084 361; baseline 0.008 -20"><span class='ocrx_word' id='word_1_1' title='bbox 449 274 576 343; x_wconf 82' lang='lat' dir='ltr'>Hoaoae</span> <span class='ocrx_word' id='word_1_2' title='bbox 597 278 783 361; x_wconf 81' lang='lat' dir='ltr'>prophetae.</span> <span class='ocrx_word' id='word_1_3' title='bbox 1017 282 1084 347; x_wconf 78' lang='lat'>231</span> 
     </span>
    </p>
   </div>
   <div class='ocr_carea' id='block_1_2' title="bbox 99 451 1086 2316">
    <p class='ocr_par' dir='ltr' id='par_1_2' title="bbox 133 451 1086 1604">
     <span class='ocr_line' id='line_1_2' title="bbox 144 451 1086 567; baseline 0.001 -45"><span class='ocrx_word' id='word_1_4' title='bbox 144 451 278 567; x_wconf 77' lang='lat' dir='ltr'>¹N1bi1</span> <span class='ocrx_word' id='word_1_5' title='bbox 300 452 355 519; x_wconf 86' lang='lat' dir='ltr'>hic</span> <span class='ocrx_word' id='word_1_6' title='bbox 376 471 459 538; x_wconf 88' lang='lat' dir='ltr'>opua</span> <span class='ocrx_word' id='word_1_7' title='bbox 491 461 539 520; x_wconf 86' lang='lat' dir='ltr'>eat</span> <span class='ocrx_word' id='word_1_8' title='bbox 561 454 747 537; x_wconf 76' lang='lat' dir='ltr'>allegoriam</span> <span class='ocrx_word' id='word_1_9' title='bbox 769 456 905 537; x_wconf 74' lang='lat' dir='ltr'>fingere,</span> <span class='ocrx_word' id='word_1_10' title='bbox 942 452 1086 531; x_wconf 86' lang='lat' dir='ltr'>minatur</span> 
     </span>
     <span class='ocr_line' id='line_1_3' title="bbox 135 541 1083 626; baseline 0.004 -19"><span class='ocrx_word' id='word_1_11' title='bbox 135 554 142 566; x_wconf 74' lang='grc'><em>’</em></span> <span class='ocrx_word' id='word_1_12' title='bbox 221 564 302 619; x_wconf 58' lang='lat' dir='ltr'>,non</span> <span class='ocrx_word' id='word_1_13' title='bbox 330 544 434 609; x_wconf 79' lang='lat' dir='ltr'>colum</span> <span class='ocrx_word' id='word_1_14' title='bbox 458 560 605 609; x_wconf 85' lang='lat' dir='ltr'>annonae</span> <span class='ocrx_word' id='word_1_15' title='bbox 628 544 809 623; x_wconf 79' lang='lat' dir='ltr'>caritatem,</span> <span class='ocrx_word' id='word_1_16' title='bbox 836 562 941 626; x_wconf 71' lang='lat' dir='ltr'>‘quam</span> <span class='ocrx_word' id='word_1_17' title='bbox 963 541 1083 613; x_wconf 81' lang='lat' dir='ltr'>incom-</span> 
     </span>
     <span class='ocr_line' id='line_1_4' title="bbox 138 630 1084 717; baseline 0.004 -20"><span class='ocrx_word' id='word_1_18' title='bbox 138 633 260 698; x_wconf 86' lang='lat' dir='ltr'>modae</span> <span class='ocrx_word' id='word_1_19' title='bbox 281 638 489 717; x_wconf 74' lang='lat' dir='ltr'>tempestates</span> <span class='ocrx_word' id='word_1_20' title='bbox 511 631 666 711; x_wconf 78' lang='lat' dir='ltr'>afferunt,</span> <span class='ocrx_word' id='word_1_21' title='bbox 701 632 758 707; x_wconf 77' lang='lat' dir='ltr'>aed</span> <span class='ocrx_word' id='word_1_22' title='bbox 781 630 969 716; x_wconf 78' lang='lat' dir='ltr'>simpliciter</span> <span class='ocrx_word' id='word_1_23' title='bbox 990 635 1084 701; x_wconf 78' lang='lat' dir='ltr'>vasti-</span> 
     </span>
     <span class='ocr_line' id='line_1_5' title="bbox 140 720 1085 803; baseline 0.005 -16"><span class='ocrx_word' id='word_1_24' title='bbox 140 728 244 787; x_wconf 83' lang='lat' dir='ltr'>tatem</span> <span class='ocrx_word' id='word_1_25' title='bbox 269 736 420 803; x_wconf 80' lang='lat' dir='ltr'>agrotum</span> <span class='ocrx_word' id='word_1_26' title='bbox 447 728 480 791; x_wconf 76' lang='lat' dir='ltr'>el</span> <span class='ocrx_word' id='word_1_27' title='bbox 504 724 605 793; x_wconf 73' lang='lat' dir='ltr'>totius</span> <span class='ocrx_word' id='word_1_28' title='bbox 630 720 786 803; x_wconf 69' lang='lat' dir='ltr'>regionis,</span> <span class='ocrx_word' id='word_1_29' title='bbox 821 730 860 787; x_wconf 91' lang='lat' dir='ltr'>ut</span> <span class='ocrx_word' id='word_1_30' title='bbox 891 722 969 787; x_wconf 90' lang='lat' dir='ltr'>olim</span> <span class='ocrx_word' id='word_1_31' title='bbox 997 726 1085 792; x_wconf 78' lang='lat' dir='ltr'>colu</span> 
     </span>
     <span class='ocr_line' id='line_1_6' title="bbox 138 808 1085 892; baseline 0.005 -18"><span class='ocrx_word' id='word_1_32' title='bbox 138 818 174 877; x_wconf 83' lang='lat' dir='ltr'>et</span> <span class='ocrx_word' id='word_1_33' title='bbox 200 810 309 892; x_wconf 81' lang='lat' dir='ltr'>felicia</span> <span class='ocrx_word' id='word_1_34' title='bbox 334 808 407 874; x_wconf 86' lang='lat' dir='ltr'>loca</span> <span class='ocrx_word' id='word_1_35' title='bbox 433 810 574 883; x_wconf 81' lang='lat' dir='ltr'>ferarum</span> <span class='ocrx_word' id='word_1_36' title='bbox 601 808 737 875; x_wconf 83' lang='lat' dir='ltr'>latibula</span> <span class='ocrx_word' id='word_1_37' title='bbox 764 812 831 876; x_wconf 87' lang='lat' dir='ltr'>aiut</span> <span class='ocrx_word' id='word_1_38' title='bbox 856 812 974 882; x_wconf 80' lang='lat' dir='ltr'>futura</span> <span class='ocrx_word' id='word_1_39' title='bbox 1021 814 1085 879; x_wconf 80' lang='lat' dir='ltr'>Gur</span> 
     </span>
     <span class='ocr_line' id='line_1_7' title="bbox 138 897 1082 985; baseline 0.005 -22"><span class='ocrx_word' id='word_1_40' title='bbox 138 900 205 964; x_wconf 84' lang='lat' dir='ltr'>hoc</span> <span class='ocrx_word' id='word_1_41' title='bbox 242 899 322 972; x_wconf 84' lang='lat' dir='ltr'>facit</span> <span class='ocrx_word' id='word_1_42' title='bbox 352 898 528 971; x_wconf 75' lang='lat' dir='ltr'>dominus?</span> <span class='ocrx_word' id='word_1_43' title='bbox 587 897 652 963; x_wconf 83' lang='lat' dir='ltr'>Ou&#39;r</span> <span class='ocrx_word' id='word_1_44' title='bbox 681 918 748 963; x_wconf 88' lang='lat' dir='ltr'>non</span> <span class='ocrx_word' id='word_1_45' title='bbox 781 900 883 983; x_wconf 76' lang='lat' dir='ltr'>pulsis</span> <span class='ocrx_word' id='word_1_46' title='bbox 916 900 1082 985; x_wconf 77' lang='lat' dir='ltr'>improbis,</span> 
     </span>
     <span class='ocr_line' id='line_1_8' title="bbox 136 985 1083 1069; baseline 0.004 -18"><span class='ocrx_word' id='word_1_47' title='bbox 136 988 297 1069; x_wconf 80' lang='lat' dir='ltr'>relinquit</span> <span class='ocrx_word' id='word_1_48' title='bbox 308 993 430 1059; x_wconf 61' lang='lat' dir='ltr'>‚terram</span> <span class='ocrx_word' id='word_1_49' title='bbox 456 986 624 1052; x_wconf 84' lang='lat' dir='ltr'>colendam</span> <span class='ocrx_word' id='word_1_50' title='bbox 651 994 684 1052; x_wconf 90' lang='lat' dir='ltr'>et</span> <span class='ocrx_word' id='word_1_51' title='bbox 709 985 921 1053; x_wconf 78' lang='lat' dir='ltr'><strong>habitandam</strong></span> <span class='ocrx_word' id='word_1_52' title='bbox 947 988 1083 1056; x_wconf 87' lang='lat' dir='ltr'>meliori·</span> 
     </span>
     <span class='ocr_line' id='line_1_9' title="bbox 138 1074 1082 1161; baseline 0.003 -20"><span class='ocrx_word' id='word_1_53' title='bbox 138 1078 229 1141; x_wconf 78' lang='lat' dir='ltr'>bue?</span> <span class='ocrx_word' id='word_1_54' title='bbox 274 1074 352 1141; x_wconf 75' lang='lat' dir='ltr'>Ideo</span> <span class='ocrx_word' id='word_1_55' title='bbox 375 1074 540 1153; x_wconf 85' lang='lat' dir='ltr'>nimirum,</span> <span class='ocrx_word' id='word_1_56' title='bbox 565 1074 642 1159; x_wconf 83' lang='lat' dir='ltr'>quia</span> <span class='ocrx_word' id='word_1_57' title='bbox 660 1076 919 1143; x_wconf 77' lang='lat' dir='ltr'>benedictionem</span> <span class='ocrx_word' id='word_1_58' title='bbox 942 1081 1082 1161; x_wconf 75' lang='lat' dir='ltr'>supano·</span> 
     </span>
     <span class='ocr_line' id='line_1_10' title="bbox 135 1162 1082 1248; baseline 0.002 -19"><span class='ocrx_word' id='word_1_59' title='bbox 135 1182 215 1229; x_wconf 77' lang='lat' dir='ltr'>rum</span> <span class='ocrx_word' id='word_1_60' title='bbox 237 1163 422 1248; x_wconf 84' lang='lat' dir='ltr'>temporum</span> <span class='ocrx_word' id='word_1_61' title='bbox 437 1186 504 1231; x_wconf 91' lang='lat' dir='ltr'>non</span> <span class='ocrx_word' id='word_1_62' title='bbox 519 1163 590 1243; x_wconf 85' lang='lat' dir='ltr'>deo,</span> <span class='ocrx_word' id='word_1_63' title='bbox 614 1162 672 1247; x_wconf 89' lang='lat' dir='ltr'>qul</span> <span class='ocrx_word' id='word_1_64' title='bbox 691 1162 790 1231; x_wconf 84' lang='lat' dir='ltr'>etiem</span> <span class='ocrx_word' id='word_1_65' title='bbox 812 1165 848 1234; x_wconf 93' lang='lat' dir='ltr'>in</span> <span class='ocrx_word' id='word_1_66' title='bbox 862 1164 966 1230; x_wconf 74' lang='lat' dir='ltr'>malon</span> <span class='ocrx_word' id='word_1_67' title='bbox 988 1169 1082 1231; x_wconf 89' lang='lat' dir='ltr'>bene·</span> 
     </span>
     <span class='ocr_line' id='line_1_11' title="bbox 135 1250 1084 1337; baseline 0.006 -22"><span class='ocrx_word' id='word_1_68' title='bbox 135 1256 221 1320; x_wconf 69' lang='lat' dir='ltr'>‚ficus</span> <span class='ocrx_word' id='word_1_69' title='bbox 244 1261 303 1332; x_wconf 86' lang='lat' dir='ltr'>eat,</span> <span class='ocrx_word' id='word_1_70' title='bbox 327 1259 494 1337; x_wconf 84' lang='lat' dir='ltr'>acceptam</span> <span class='ocrx_word' id='word_1_71' title='bbox 510 1254 667 1333; x_wconf 82' lang='lat' dir='ltr'>ferebant,</span> <span class='ocrx_word' id='word_1_72' title='bbox 692 1254 749 1319; x_wconf 86' lang='lat' dir='ltr'>ead</span> <span class='ocrx_word' id='word_1_73' title='bbox 771 1250 947 1319; x_wconf 79' lang='lat' dir='ltr'>idolatriae.</span> <span class='ocrx_word' id='word_1_74' title='bbox 994 1254 1084 1323; x_wconf 76' lang='lat' dir='ltr'>Siout</span> 
     </span>
     <span class='ocr_line' id='line_1_12' title="bbox 135 1339 1083 1427; baseline 0.002 -20"><span class='ocrx_word' id='word_1_75' title='bbox 135 1350 251 1408; x_wconf 74' lang='lat' dir='ltr'>nostro</span> <span class='ocrx_word' id='word_1_76' title='bbox 279 1348 434 1426; x_wconf 61' lang='lat' dir='ltr'>,tempore</span> <span class='ocrx_word' id='word_1_77' title='bbox 465 1342 634 1425; x_wconf 57' lang='lat' dir='ltr'>&#39;pontificia</span> <span class='ocrx_word' id='word_1_78' title='bbox 673 1340 838 1426; x_wconf 86' lang='lat' dir='ltr'>mancipia</span> <span class='ocrx_word' id='word_1_79' title='bbox 882 1339 1083 1427; x_wconf 76' lang='lat' dir='ltr'>superiorum</span> 
     </span>
     <span class='ocr_line' id='line_1_13' title="bbox 135 1426 1082 1517; baseline 0.004 -22"><span class='ocrx_word' id='word_1_80' title='bbox 135 1439 326 1515; x_wconf 87' lang='lat' dir='ltr'>temporum</span> <span class='ocrx_word' id='word_1_81' title='bbox 348 1430 536 1496; x_wconf 79' lang='lat' dir='ltr'>felicitatem</span> <span class='ocrx_word' id='word_1_82' title='bbox 558 1432 707 1496; x_wconf 88' lang='lat' dir='ltr'>tribuunt</span> <span class='ocrx_word' id='word_1_83' title='bbox 729 1434 795 1497; x_wconf 83' lang='lat' dir='ltr'>auia</span> <span class='ocrx_word' id='word_1_84' title='bbox 818 1426 968 1511; x_wconf 84' lang='lat' dir='ltr'>cultibus,</span> <span class='ocrx_word' id='word_1_85' title='bbox 995 1450 1082 1517; x_wconf 82' lang='lat' dir='ltr'>prae·</span> 
     </span>
     <span class='ocr_line' id='line_1_14' title="bbox 133 1520 988 1604; baseline 0.001 -19"><span class='ocrx_word' id='word_1_86' title='bbox 133 1522 246 1585; x_wconf 82' lang='lat' dir='ltr'>aentia</span> <span class='ocrx_word' id='word_1_87' title='bbox 268 1528 378 1593; x_wconf 84' lang='lat' dir='ltr'>autem</span> <span class='ocrx_word' id='word_1_88' title='bbox 399 1520 607 1585; x_wconf 86' lang='lat' dir='ltr'>incommoda</span> <span class='ocrx_word' id='word_1_89' title='bbox 628 1520 792 1603; x_wconf 77' lang='lat' dir='ltr'>evangelio</span> <span class='ocrx_word' id='word_1_90' title='bbox 814 1521 988 1604; x_wconf 83' lang='lat' dir='ltr'>imputant.</span> 
     </span>
    </p>

    <p class='ocr_par' dir='ltr' id='par_1_3' title="bbox 99 1605 1085 2316">
     <span class='ocr_line' id='line_1_15' title="bbox 234 1605 1083 1695; baseline 0.002 -22"><span class='ocrx_word' id='word_1_91' title='bbox 234 1605 309 1674; x_wconf 76' lang='lat' dir='ltr'>&#39;Sic</span> <span class='ocrx_word' id='word_1_92' title='bbox 332 1607 421 1693; x_wconf 90' lang='lat' dir='ltr'>apud</span> <span class='ocrx_word' id='word_1_93' title='bbox 448 1608 618 1674; x_wconf 87' lang='lat' dir='ltr'>Ieremiam</span> <span class='ocrx_word' id='word_1_94' title='bbox 651 1608 764 1674; x_wconf 87' lang='lat' dir='ltr'>Iudaei</span> <span class='ocrx_word' id='word_1_95' title='bbox 798 1610 922 1680; x_wconf 81' lang='lat' dir='ltr'>cultum</span> <span class='ocrx_word' id='word_1_96' title='bbox 954 1613 1083 1695; x_wconf 85' lang='lat' dir='ltr'>reginae</span> 
     </span>
     <span class='ocr_line' id='line_1_16' title="bbox 99 1696 1084 1772; baseline 0.002 -10"><span class='ocrx_word' id='word_1_97' title='bbox 99 1718 102 1724; x_wconf 69' lang='grc'>’</span> <span class='ocrx_word' id='word_1_98' title='bbox 136 1699 222 1763; x_wconf 90' lang='lat' dir='ltr'>coeli</span> <span class='ocrx_word' id='word_1_99' title='bbox 250 1698 525 1763; x_wconf 82' lang='lat' dir='ltr'>commendabant</span> <span class='ocrx_word' id='word_1_100' title='bbox 549 1699 617 1763; x_wconf 84' lang='lat' dir='ltr'>auia</span> <span class='ocrx_word' id='word_1_101' title='bbox 644 1698 857 1765; x_wconf 78' lang='lat' dir='ltr'>auditoribus.</span> <span class='ocrx_word' id='word_1_102' title='bbox 902 1698 946 1764; x_wconf 83' lang='lat' dir='ltr'>iit</span> <span class='ocrx_word' id='word_1_103' title='bbox 971 1696 1084 1772; x_wconf 88' lang='lat' dir='ltr'>Iudaei</span> 
     </span>
     <span class='ocr_line' id='line_1_17' title="bbox 136 1777 1082 1869; baseline 0.003 -19"><span class='ocrx_word' id='word_1_104' title='bbox 136 1794 286 1869; x_wconf 82' lang='lat' dir='ltr'>tempore</span> <span class='ocrx_word' id='word_1_105' title='bbox 301 1787 422 1853; x_wconf 81' lang='lat' dir='ltr'>Christi</span> <span class='ocrx_word' id='word_1_106' title='bbox 443 1788 600 1852; x_wconf 72' lang='lat' dir='ltr'>mosaicos</span> <span class='ocrx_word' id='word_1_107' title='bbox 622 1777 727 1853; x_wconf 79' lang='lat' dir='ltr'>cultus</span> <span class='ocrx_word' id='word_1_108' title='bbox 747 1787 969 1853; x_wconf 80' lang='lat' dir='ltr'>anteferebant</span> <span class='ocrx_word' id='word_1_109' title='bbox 991 1806 1082 1853; x_wconf 82' lang='lat' dir='ltr'>evon-</span> 
     </span>
     <span class='ocr_line' id='line_1_18' title="bbox 136 1874 1083 1959; baseline 0.002 -18"><span class='ocrx_word' id='word_1_110' title='bbox 136 1878 232 1957; x_wconf 84' lang='lat' dir='ltr'>gelio,</span> <span class='ocrx_word' id='word_1_111' title='bbox 279 1876 344 1941; x_wconf 76' lang='lat' dir='ltr'>aad</span> <span class='ocrx_word' id='word_1_112' title='bbox 366 1877 446 1940; x_wconf 87' lang='lat' dir='ltr'>haec</span> <span class='ocrx_word' id='word_1_113' title='bbox 460 1877 611 1958; x_wconf 85' lang='lat' dir='ltr'>pertinax</span> <span class='ocrx_word' id='word_1_114' title='bbox 631 1875 810 1959; x_wconf 84' lang='lat' dir='ltr'>impietatis</span> <span class='ocrx_word' id='word_1_115' title='bbox 829 1874 975 1941; x_wconf 75' lang='lat' dir='ltr'>defensio</span> <span class='ocrx_word' id='word_1_116' title='bbox 998 1876 1083 1958; x_wconf 76' lang='lat' dir='ltr'>cogit</span> 
     </span>
     <span class='ocr_line' id='line_1_19' title="bbox 137 1962 1081 2046; baseline -0.001 -16"><span class='ocrx_word' id='word_1_117' title='bbox 137 1966 255 2043; x_wconf 84' lang='lat' dir='ltr'>deum,</span> <span class='ocrx_word' id='word_1_118' title='bbox 287 1972 325 2029; x_wconf 83' lang='lat' dir='ltr'>ut</span> <span class='ocrx_word' id='word_1_119' title='bbox 346 1966 433 2029; x_wconf 84' lang='lat' dir='ltr'>ainat</span> <span class='ocrx_word' id='word_1_120' title='bbox 458 1967 541 2029; x_wconf 85' lang='lat' dir='ltr'>iram</span> <span class='ocrx_word' id='word_1_121' title='bbox 570 1985 664 2029; x_wconf 86' lang='lat' dir='ltr'>auam</span> <span class='ocrx_word' id='word_1_122' title='bbox 703 1964 771 2029; x_wconf 83' lang='lat' dir='ltr'>eine</span> <span class='ocrx_word' id='word_1_123' title='bbox 810 1962 909 2029; x_wconf 89' lang='lat' dir='ltr'>modo</span> <span class='ocrx_word' id='word_1_124' title='bbox 925 1962 1081 2046; x_wconf 72' lang='lat' dir='ltr'>grassari,</span> 
     </span>
     <span class='ocr_line' id='line_1_20' title="bbox 139 2053 1079 2137; baseline -0.003 -14"><span class='ocrx_word' id='word_1_125' title='bbox 139 2075 208 2123; x_wconf 85' lang='lat' dir='ltr'>non</span> <span class='ocrx_word' id='word_1_126' title='bbox 234 2055 272 2128; x_wconf 82' lang='lat' dir='ltr'>in</span> <span class='ocrx_word' id='word_1_127' title='bbox 293 2055 443 2119; x_wconf 73' lang='lat' dir='ltr'>homines</span> <span class='ocrx_word' id='word_1_128' title='bbox 472 2060 601 2120; x_wconf 88' lang='lat' dir='ltr'>tantum</span> <span class='ocrx_word' id='word_1_129' title='bbox 624 2053 681 2132; x_wconf 79' lang='lat' dir='ltr'>aed</span> <span class='ocrx_word' id='word_1_130' title='bbox 709 2055 809 2119; x_wconf 89' lang='lat' dir='ltr'>etiam</span> <span class='ocrx_word' id='word_1_131' title='bbox 831 2054 867 2118; x_wconf 89' lang='lat' dir='ltr'>in</span> <span class='ocrx_word' id='word_1_132' title='bbox 892 2054 998 2137; x_wconf 79' lang='lat' dir='ltr'>ipsam</span> <span class='ocrx_word' id='word_1_133' title='bbox 1020 2061 1079 2120; x_wconf 90' lang='lat' dir='ltr'>ter-</span> 
     </span>
     <span class='ocr_line' id='line_1_21' title="bbox 138 2144 1085 2227; baseline 0.002 -21"><span class='ocrx_word' id='word_1_134' title='bbox 138 2155 224 2221; x_wconf 80' lang='lat' dir='ltr'>ram,</span> <span class='ocrx_word' id='word_1_135' title='bbox 249 2162 333 2226; x_wconf 85' lang='lat' dir='ltr'>quae</span> <span class='ocrx_word' id='word_1_136' title='bbox 356 2151 486 2226; x_wconf 81' lang='lat' dir='ltr'>propter</span> <span class='ocrx_word' id='word_1_137' title='bbox 507 2151 640 2227; x_wconf 83' lang='lat' dir='ltr'>peecata</span> <span class='ocrx_word' id='word_1_138' title='bbox 660 2144 834 2208; x_wconf 87' lang='lat' dir='ltr'>hominum</span> <span class='ocrx_word' id='word_1_139' title='bbox 856 2144 976 2211; x_wconf 84' lang='lat' dir='ltr'>amittit</span> <span class='ocrx_word' id='word_1_140' title='bbox 997 2145 1085 2210; x_wconf 87' lang='lat' dir='ltr'>dona</span> 
     </span>
     <span class='ocr_line' id='line_1_22' title="bbox 139 2239 383 2316; baseline -0.004 -20"><span class='ocrx_word' id='word_1_141' title='bbox 139 2239 174 2297; x_wconf 87' lang='lat' dir='ltr'>et</span> <span class='ocrx_word' id='word_1_142' title='bbox 195 2253 274 2316; x_wconf 80' lang='lat' dir='ltr'>opes</span> <span class='ocrx_word' id='word_1_143' title='bbox 299 2253 383 2297; x_wconf 89' lang='lat' dir='ltr'>auaa.</span> 
     </span>
    </p>
   </div>
   <div class='ocr_carea' id='block_1_3' title="bbox 119 2405 1083 2764">
    <p class='ocr_par' dir='ltr' id='par_1_4' title="bbox 183 2405 1083 2668">
     <span class='ocr_line' id='line_1_23' title="bbox 183 2405 1083 2520; baseline 0.002 -48"><span class='ocrx_word' id='word_1_144' title='bbox 183 2405 249 2520; x_wconf 64' lang='lat' dir='ltr'>Er</span> <span class='ocrx_word' id='word_1_145' title='bbox 264 2406 443 2475; x_wconf 78' lang='lat' dir='ltr'>visitabo</span> <span class='ocrx_word' id='word_1_146' title='bbox 458 2416 600 2474; x_wconf 88' lang='lat' dir='ltr'>contra</span> <span class='ocrx_word' id='word_1_147' title='bbox 614 2405 797 2475; x_wconf 86' lang='lat' dir='ltr'>eam&#39;diea</span> <span class='ocrx_word' id='word_1_148' title='bbox 812 2411 983 2486; x_wconf 78' lang='lat' dir='ltr'>Baalim,</span> <span class='ocrx_word' id='word_1_149' title='bbox 1000 2411 1083 2491; x_wconf 89' lang='lat' dir='ltr'>qui·</span> 
     </span>
     <span class='ocr_line' id='line_1_24' title="bbox 247 2499 1081 2577; baseline -0.002 -13"><span class='ocrx_word' id='word_1_150' title='bbox 247 2499 322 2564; x_wconf 83' lang='lat' dir='ltr'>bue</span> <span class='ocrx_word' id='word_1_151' title='bbox 341 2499 554 2566; x_wconf 78' lang='lat' dir='ltr'>incensum</span> <span class='ocrx_word' id='word_1_152' title='bbox 568 2500 685 2577; x_wconf 83' lang='lat' dir='ltr'>fecit,</span> <span class='ocrx_word' id='word_1_153' title='bbox 708 2506 748 2565; x_wconf 87' lang='lat' dir='ltr'>at</span> <span class='ocrx_word' id='word_1_154' title='bbox 769 2505 905 2562; x_wconf 85' lang='lat' dir='ltr'>ornata</span> <span class='ocrx_word' id='word_1_155' title='bbox 920 2499 1081 2576; x_wconf 88' lang='lat' dir='ltr'>monili,</span> 
     </span>
     <span class='ocr_line' id='line_1_25' title="bbox 184 2594 1081 2668; baseline 0 -16"><span class='ocrx_word' id='word_1_156' title='bbox 184 2607 231 2652; x_wconf 87' lang='lat' dir='ltr'>ac</span> <span class='ocrx_word' id='word_1_157' title='bbox 252 2594 500 2668; x_wconf 82' lang='lat' dir='ltr'>torqueano,</span> <span class='ocrx_word' id='word_1_158' title='bbox 524 2594 955 2652; x_wconf 79' lang='lat' dir='ltr'>secutaeatamatoraa</span> <span class='ocrx_word' id='word_1_159' title='bbox 971 2606 1081 2663; x_wconf 84' lang='lat' dir='ltr'>auca,</span> 
     </span>
    </p>

    <p class='ocr_par' dir='ltr' id='par_1_5' title="bbox 119 2675 1014 2764">
     <span class='ocr_line' id='line_1_26' title="bbox 119 2675 1014 2764; baseline -0.001 -24"><span class='ocrx_word' id='word_1_160' title='bbox 119 2756 127 2764; x_wconf 92' lang='lat'><em>.</em></span> <span class='ocrx_word' id='word_1_161' title='bbox 182 2677 264 2741; x_wconf 90' lang='lat' dir='ltr'>mei</span> <span class='ocrx_word' id='word_1_162' title='bbox 286 2683 420 2742; x_wconf 87' lang='lat' dir='ltr'>autem</span> <span class='ocrx_word' id='word_1_163' title='bbox 442 2677 569 2743; x_wconf 84' lang='lat' dir='ltr'>oblita</span> <span class='ocrx_word' id='word_1_164' title='bbox 590 2684 667 2756; x_wconf 85' lang='lat' dir='ltr'>eat,</span> <span class='ocrx_word' id='word_1_165' title='bbox 691 2677 795 2742; x_wconf 89' lang='lat' dir='ltr'>dicit</span> <span class='ocrx_word' id='word_1_166' title='bbox 815 2675 1014 2748; x_wconf 83' lang='lat' dir='ltr'>dominus.</span> 
     </span>
    </p>
   </div>
   <div class='ocr_carea' id='block_1_4' title="bbox 19 2844 1083 3363">
    <p class='ocr_par' dir='ltr' id='par_1_6' title="bbox 19 2844 1083 3363">
     <span class='ocr_line' id='line_1_27' title="bbox 19 2844 1082 2964; baseline 0.003 -50"><span class='ocrx_word' id='word_1_167' title='bbox 19 2856 20 2935; x_wconf 66' lang='grc'><strong>1</strong></span> <span class='ocrx_word' id='word_1_168' title='bbox 139 2844 329 2964; x_wconf 66' lang='lat' dir='ltr'>svperiora</span> <span class='ocrx_word' id='word_1_169' title='bbox 362 2852 439 2919; x_wconf 71' lang='lat' dir='ltr'>eada</span> <span class='ocrx_word' id='word_1_170' title='bbox 473 2860 613 2934; x_wconf 83' lang='lat' dir='ltr'>arguunt</span> <span class='ocrx_word' id='word_1_171' title='bbox 645 2852 736 2934; x_wconf 89' lang='lat' dir='ltr'>loqui</span> <span class='ocrx_word' id='word_1_172' title='bbox 776 2873 852 2917; x_wconf 91' lang='lat' dir='ltr'>eum</span> <span class='ocrx_word' id='word_1_173' title='bbox 890 2851 931 2921; x_wconf 84' lang='lat' dir='ltr'>da</span> <span class='ocrx_word' id='word_1_174' title='bbox 968 2854 1082 2935; x_wconf 79' lang='lat' dir='ltr'>poenis</span> 
     </span>
     <span class='ocr_line' id='line_1_28' title="bbox 19 2942 1083 3025; baseline -0.004 -18"><span class='ocrx_word' id='word_1_175' title='bbox 19 2942 20 2949; x_wconf 74' lang='grc'>’</span> <span class='ocrx_word' id='word_1_176' title='bbox 194 2958 383 3024; x_wconf 76' lang='lat' dir='ltr'>synagogae.</span> <span class='ocrx_word' id='word_1_177' title='bbox 400 2949 476 3025; x_wconf 85' lang='lat' dir='ltr'>poet</span> <span class='ocrx_word' id='word_1_178' title='bbox 490 2943 609 3008; x_wconf 79' lang='lat' dir='ltr'>Chlieti</span> <span class='ocrx_word' id='word_1_179' title='bbox 630 2943 904 3006; x_wconf 79' lang='lat' dir='ltr'>resurrectionem.</span> <span class='ocrx_word' id='word_1_180' title='bbox 939 2942 1083 3004; x_wconf 87' lang='lat' dir='ltr'>Minatur</span> 
     </span>
     <span class='ocr_line' id='line_1_29' title="bbox 137 3029 1082 3110; baseline -0.002 -16"><span class='ocrx_word' id='word_1_181' title='bbox 137 3032 231 3094; x_wconf 86' lang='lat' dir='ltr'>enim</span> <span class='ocrx_word' id='word_1_182' title='bbox 267 3032 480 3096; x_wconf 79' lang='lat' dir='ltr'>vastationem</span> <span class='ocrx_word' id='word_1_183' title='bbox 517 3039 633 3109; x_wconf 85' lang='lat' dir='ltr'>terrae,</span> <span class='ocrx_word' id='word_1_184' title='bbox 680 3037 713 3094; x_wconf 86' lang='lat' dir='ltr'>ct</span> <span class='ocrx_word' id='word_1_185' title='bbox 745 3030 893 3094; x_wconf 87' lang='lat' dir='ltr'>cultuum</span> <span class='ocrx_word' id='word_1_186' title='bbox 929 3029 1082 3110; x_wconf 83' lang='lat' dir='ltr'>legalium</span> 
     </span>
     <span class='ocr_line' id='line_1_30' title="bbox 137 3118 1081 3203; baseline -0.003 -20"><span class='ocrx_word' id='word_1_187' title='bbox 137 3119 349 3184; x_wconf 82' lang='lat' dir='ltr'>abolitionem</span> <span class='ocrx_word' id='word_1_188' title='bbox 364 3127 562 3203; x_wconf 77' lang='lat' dir='ltr'>perpetuam.</span> <span class='ocrx_word' id='word_1_189' title='bbox 593 3121 708 3200; x_wconf 83' lang='lat' dir='ltr'>Itaque</span> <span class='ocrx_word' id='word_1_190' title='bbox 723 3119 845 3182; x_wconf 86' lang='lat' dir='ltr'>fallitur</span> <span class='ocrx_word' id='word_1_191' title='bbox 863 3119 948 3198; x_wconf 87' lang='lat' dir='ltr'>Lyra</span> <span class='ocrx_word' id='word_1_192' title='bbox 969 3118 1081 3195; x_wconf 88' lang='lat' dir='ltr'>etalii,</span> 
     </span>
     <span class='ocr_line' id='line_1_31' title="bbox 19 3207 1082 3331; baseline -0.005 -58"><span class='ocrx_word' id='word_1_193' title='bbox 19 3285 20 3294; x_wconf 8' lang='grc' dir='ltr'>ἵ</span> <span class='ocrx_word' id='word_1_194' title='bbox 138 3210 199 3288; x_wconf 88' lang='lat' dir='ltr'>qui</span> <span class='ocrx_word' id='word_1_195' title='bbox 225 3207 518 3331; x_wconf 43' lang='lat' dir='ltr'>adsccptivitatem</span> <span class='ocrx_word' id='word_1_196' title='bbox 543 3207 776 3290; x_wconf 79' lang='lat' dir='ltr'>Babylonicum</span> <span class='ocrx_word' id='word_1_197' title='bbox 806 3208 865 3270; x_wconf 80' lang='lat' dir='ltr'>hae</span> <span class='ocrx_word' id='word_1_198' title='bbox 893 3207 1000 3270; x_wconf 83' lang='lat' dir='ltr'>minas</span> <span class='ocrx_word' id='word_1_199' title='bbox 1029 3227 1082 3288; x_wconf 86' lang='lat' dir='ltr'>ap·</span> 
     </span>
     <span class='ocr_line' id='line_1_32' title="bbox 19 3298 1069 3363; baseline -0.001 -1"><span class='ocrx_word' id='word_1_200' title='bbox 19 3298 20 3339; x_wconf 64' lang='lat' dir='ltr'>l</span> <span class='ocrx_word' id='word_1_201' title='bbox 139 3298 272 3363; x_wconf 76' lang='lat' dir='ltr'>obeant.</span> <span class='ocrx_word' id='word_1_202' title='bbox 633 3343 636 3346; x_wconf 84' lang='lat'>-</span> <span class='ocrx_word' id='word_1_203' title='bbox 1034 3353 1038 3360; x_wconf 90' lang='grc'><em>,</em></span> <span class='ocrx_word' id='word_1_204' title='bbox 1068 3329 1069 3334; x_wconf 40' lang='lat'>1</span> 
     </span>
    </p>
   </div>
   <div class='ocr_carea' id='block_1_5' title="bbox 164 3503 1079 3647">
    <p class='ocr_par' dir='ltr' id='par_1_7' title="bbox 164 3503 1079 3647">
     <span class='ocr_line' id='line_1_33' title="bbox 197 3503 1079 3577; baseline -0.003 -16"><span class='ocrx_word' id='word_1_205' title='bbox 197 3513 201 3517; x_wconf 87' lang='grc'><strong>’</strong></span> <span class='ocrx_word' id='word_1_206' title='bbox 230 3507 259 3577; x_wconf 92' lang='grc'>1)</span> <span class='ocrx_word' id='word_1_207' title='bbox 284 3506 380 3565; x_wconf 78' lang='lat' dir='ltr'>·Doua</span> <span class='ocrx_word' id='word_1_208' title='bbox 418 3507 507 3562; x_wconf 87' lang='lat' dir='ltr'>etiam</span> <span class='ocrx_word' id='word_1_209' title='bbox 534 3509 644 3562; x_wconf 82' lang='lat' dir='ltr'>terram</span> <span class='ocrx_word' id='word_1_210' title='bbox 678 3505 781 3573; x_wconf 79' lang='lat' dir='ltr'>affligit</span> <span class='ocrx_word' id='word_1_211' title='bbox 810 3507 928 3575; x_wconf 85' lang='lat' dir='ltr'>propter</span> <span class='ocrx_word' id='word_1_212' title='bbox 964 3503 1079 3572; x_wconf 78' lang='lat' dir='ltr'>impios.</span> 
     </span>
     <span class='ocr_line' id='line_1_34' title="bbox 164 3577 504 3647; baseline -0.018 -9"><span class='ocrx_word' id='word_1_213' title='bbox 164 3579 259 3638; x_wconf 79' lang='lat' dir='ltr'>llere.</span> <span class='ocrx_word' id='word_1_214' title='bbox 277 3577 321 3633; x_wconf 69' lang='lat' dir='ltr'>m</span> <span class='ocrx_word' id='word_1_215' title='bbox 357 3579 387 3646; x_wconf 85' lang='lat'>3)</span> <span class='ocrx_word' id='word_1_216' title='bbox 405 3579 504 3647; x_wconf 74' lang='lat' dir='ltr'>Lyra·</span> 
     </span>
    </p>
   </div>
   <div class='ocr_carea' id='block_1_6' title="bbox 230 3755 570 3825">
    <p class='ocr_par' dir='ltr' id='par_1_8' title="bbox 230 3755 570 3825">
     <span class='ocr_line' id='line_1_35' title="bbox 230 3755 570 3825; baseline -0.018 -12"><span class='ocrx_word' id='word_1_217' title='bbox 230 3755 257 3825; x_wconf 81' lang='lat'>⁸)</span> <span class='ocrx_word' id='word_1_218' title='bbox 274 3757 363 3812; x_wconf 75' lang='lat' dir='ltr'>Deest</span> <span class='ocrx_word' id='word_1_219' title='bbox 380 3757 413 3810; x_wconf 90' lang='lat' dir='ltr'>in</span> <span class='ocrx_word' id='word_1_220' title='bbox 430 3756 492 3811; x_wconf 85' lang='lat' dir='ltr'>coll.</span> <span class='ocrx_word' id='word_1_221' title='bbox 511 3755 570 3810; x_wconf 90' lang='lat' dir='ltr'>Ien.</span> 
     </span>
    </p>
   </div>
   <div class='ocr_carea' id='block_1_7' title="bbox 0 0 1292 4225">
    <p class='ocr_par' dir='ltr' id='par_1_9' title="bbox 0 0 1292 4225">
     <span class='ocr_line' id='line_1_36' title="bbox 0 0 1292 4225; baseline 0 0"><span class='ocrx_word' id='word_1_222' title='bbox 0 0 1292 4225; x_wconf 95' lang='lat' dir='ltr'> </span> 
     </span>
    </p>
   </div>
  </div>
 </body>
</html>
