2575 4225
9 912 27 976 ,εἶ’

218 249 285 314 240
522 248 642 330 ‘Caput
665 244 843 311 secundum

220 428 228 468 -'
314 421 423 489 ¹Dabo
445 426 492 503 ei,
516 425 633 507 inquit,
657 425 775 489 vallem
797 424 915 501 Achor,
938 430 975 488 ut
998 419 1164 505 aperiatur
1283 416 1285 471 l

217 535 303 597 spes.
348 515 559 577 Hic'iterum
587 514 719 595 respicit
748 513 790 576 ad
817 518 957 576 veterem
990 512 1162 594 populum,

217 605 278 683 qui
300 623 375 667 curn
397 603 433 666 in
455 604 537 667 valle
559 603 667 666 Achor
688 608 819 685 propter
842 607 1008 684 acceptam
1037 602 1165 673 cladem
1283 634 1285 711 p

220 712 262 755 ex
294 698 426 774 peccato
455 692 569 755 Achan
603 693 801 768 turbaretur,
837 698 911 772 post
944 689 1166 753 turbationem

220 781 318 844 istam
339 782 457 844 iterum
480 800 572 862 spem
595 786 715 843 certam
746 779 953 860 occupandae
982 785 1084 843 terrae
1108 780 1164 843 Ca·

218 890 307 932 naan
330 890 372 931 ex
393 870 542 932 Aitarum
563 870 654 931 clade
678 868 840 951 concepit,
869 869 980 932 omnia
1003 868 1091 931 enim
1121 869 1166 931 fe-

217 958 625 1037 licissimesuccesscrunt.
1088 1024 1093 1029 ,

316 1041 385 1110 ²Sic
408 1046 448 1110 de
471 1048 604 1110 ecclesia
625 1046 799 1128 promittit,
831 1046 995 1122 futurum,
1020 1064 1095 1107 cum
1120 1044 1168 1109 sic

221 1136 367 1215 undique
394 1137 542 1199 turbatur
570 1156 590 1197 a
616 1136 749 1211 Satana,
781 1134 922 1211 mundo,
950 1139 1100 1216 peccato,
1134 1142 1169 1198 et

220 1232 335 1301 morte,
358 1230 397 1288 ut
418 1226 580 1305 aperiatur
602 1221 633 1287 'ei
657 1243 739 1305 spes,
764 1243 832 1286 non
847 1224 952 1286 solum
967 1229 1081 1298 certae,
1107 1224 1168 1287 sed

222 1314 324 1376 etiam
346 1319 493 1376 aeternae
515 1313 675 1377 victoriae.
721 1312 806 1375 Nam
829 1312 962 1376 ecclesia
976 1312 1084 1394 primo
1098 1312 1167 1377 ver-

222 1403 305 1464 bum
325 1402 434 1478 habet,
458 1422 523 1481 quo
545 1401 744 1484 promittitur
766 1401 923 1474 liberatio.
970 1399 1095 1463 Deinde
1119 1401 1169 1483 pii

224 1509 291 1553 non
321 1491 381 1552 soli
408 1490 443 1552 in
471 1490 620 1571 periculis
650 1495 742 1566 sunt,
771 1489 828 1552 sed
856 1488 977 1553 assistit
1006 1490 1051 1551 eis
1079 1490 1169 1553 filius

165 1622 168 1625 -
222 1578 296 1655 dei,
320 1579 378 1659 qui
399 1584 581 1659 pugnantes
603 1578 750 1655 adiuvat,
780 1584 813 1641 et
834 1578 936 1641 fessos
959 1579 1086 1641 animos
1109 1580 1169 1641 eri-

224 1668 273 1748 git
295 1688 351 1750 spa
374 1668 557 1731 futurorum
572 1668 741 1743 bonorum,
766 1687 847 1747 quae
863 1667 998 1730 verbum
1013 1667 1168 1731 ostendit.

224 1756 359 1820 Assistit
386 1776 514 1837 quoqne
543 1757 590 1820 eis
625 1757 822 1837 paracletus,
858 1762 988 1819 sanctus
1022 1756 1168 1837 spiritus,

224 1846 280 1908 hic
302 1845 427 1909 animos
450 1845 570 1909 excitat
592 1844 634 1907 ad
650 1844 836 1921 orationem,
861 1850 894 1908 et
909 1844 1101 1921 consolatur,
1127 1866 1170 1907 ne

226 1934 333 2014 frangi
355 1952 389 1997 se
412 1934 535 2011 sinant,
560 1934 617 1997 sed
639 1938 784 1997 statuant
806 1932 959 1996 Satanam
982 1933 1049 1995 iam
1073 1938 1172 2002 antea

227 2043 247 2085 a
269 2023 395 2086 Christo
417 2024 600 2086 victumae
622 2025 828 2104 prostratum,
853 2028 886 2085 et
908 2041 996 2085 nunc
1018 2022 1081 2085 hcc
1105 2024 1169 2104 agi,

225 2117 265 2174 ut
292 2132 353 2194 ope
380 2111 501 2176 Christi
530 2113 593 2193 ipsi
623 2132 753 2192 quoque
781 2132 856 2175 eum
889 2112 1031 2176 vincant.
1077 2111 1172 2176 Haec

225 2219 301 2281 spes
323 2220 389 2262 non
412 2201 517 2262 solum
540 2200 634 2280 erigit
657 2201 798 2278 animos,
830 2200 887 2264 sed
918 2201 1016 2264 etiam
1047 2207 1173 2265 certam

225 2287 313 2369 parit
326 2288 503 2365 victoriam,
520 2289 604 2352 sicut
617 2289 771 2352 historiae
786 2294 966 2370 martyrum
981 2290 1171 2355 ostendunt.
1275 2370 1284 2384 „

231 2442 361 2557 ⁸Ioitur
381 2469 423 2512 ex
444 2449 507 2512 hoc
528 2449 598 2512 loco
621 2454 716 2512 natae
740 2453 817 2513 sunt
838 2448 982 2528 insignes
998 2449 1173 2514 conciones
1281 2449 1283 2488 ÷

236 2572 239 2576 ⁴
300 2538 530 2619 apostolorum,
559 2538 679 2619 quibus
707 2536 826 2600 docent
851 2557 889 2600 ac
915 2538 1102 2615 hortantur,
1135 2546 1175 2604 ut

227 2645 295 2688 non
317 2626 422 2688 solum
444 2647 511 2688 non
533 2626 720 2706 frangamur
748 2625 867 2688 animis
893 2626 930 2689 in
957 2626 1174 2690 tribulationi-

225 2714 305 2788 bus,
337 2713 395 2775 sed
422 2715 520 2776 etiam
546 2716 729 2795 gloriemur.
775 2715 952 2778 Tribulatio
975 2716 1065 2778 enim
1087 2717 1176 2780 sicut

228 2801 346 2865 Paulus
369 2802 504 2865 Roman.
522 2797 572 2865 5.4
599 2803 688 2880 dicit,
711 2803 797 2885 parit
815 2804 1020 2887 pacientiam,
1044 2804 1176 2884 pacien-

227 2890 284 2967 tia,
308 2891 547 2972 probationem,
571 2892 718 2974 prcbatio
742 2912 850 2974 spem,
875 2912 948 2975 spes
971 2899 1081 2955 autem
1104 2915 1179 2960 nou

226 2973 429 3043 confundit⁶
467 2975 555 3044 ¹Ideo
577 2981 680 3044 Lucas
704 3001 832 3061 quoque
855 3001 931 3044 cum
954 2980 1095 3061 explicat
1118 3003 1177 3064 pa·
1280 3017 1282 3030 ‹

227 3068 386 3145 rabolam,
422 3070 609 3133 suavissime
642 3069 736 3145 dicit,
768 3088 879 3132 semen
907 3069 943 3134 in
971 3070 1058 3132 bona
1087 3076 1177 3136 terra
1279 3083 1282 3162 j

22 3140 49 3209 *ὲ
135 3170 138 3174 ’
225 3175 299 3218 esse
321 3176 385 3234 eos,
409 3158 466 3236 qui
488 3158 626 3222 audiunt
648 3157 792 3234 verbum,
817 3164 850 3220 et
871 3157 1011 3220 retinent
1033 3152 1178 3225 inbono

53 3394 84 3423 tta

50 3430 57 3451 2⁴
65 3424 114 3485 ᾗχι

72 3602 132 3636 ‚⁴
228 3557 258 3623 4)
277 3561 396 3615 Roman.
416 3560 441 3615 5.
478 3560 506 3627 ὅ)
526 3562 618 3616 Lucas
636 3561 662 3615 8.

118 3274 125 3289 ι
225 3264 267 3308 ac
289 3263 371 3326 puro
393 3245 497 3322 corde,
522 3267 559 3310 ao
581 3247 690 3308 ierunt
712 3233 854 3309 fructum
876 3246 912 3308 in
933 3245 1107 3328 pacientia·

57 3337 69 3366 i

320 3418 347 3487 1)
366 3419 402 3472 In
414 3419 489 3473 vallo
501 3418 596 3476 Achor
608 3420 736 3488 aperitur
749 3435 823 3488 spes.
851 3419 879 3488 2)
892 3420 1029 3474 Ecclesia.
1056 3419 1087 3485 3)
1101 3420 1150 3478 Gor

228 3488 545 3558 cionesapostolonrm
567 3490 603 3544 de
628 3507 710 3546 cruce
734 3495 763 3545 et
783 3491 988 3547 afflictionibus
1007 3493 1150 3549 ccclesiae

320 3719 347 3787 ⁸)
365 3721 401 3773 In
419 3721 481 3775 ooll.
500 3720 607 3775 Vuitt.:
627 3719 792 3776 Consolatio
810 3722 1005 3790 apostolorum
1023 3726 1078 3778 etc.
