2575 4225
441 289 568 355 Hcseac
590 292 778 384 prophetae
803 298 806 308 “
1013 282 1078 359 425
1181 344 1182 347 ι
1207 256 1274 405 {l

134 474 174 533 ιιι
202 474 315 533 tamen
342 488 409 532 non
439 468 573 532 redeant
594 469 757 534 Israelitae
785 470 828 539 ad
852 466 1017 553 politiam,
1046 478 1079 536 et

136 557 304 621 ecclesiam
319 557 504 634 mosaicam,
528 576 611 638 quae
633 578 737 641 usque
760 558 801 623 ad
823 560 982 642 evangelii
1000 567 1078 625 tema

136 666 198 728 pus
220 648 257 709 in
278 666 378 727 regno
399 645 483 709 Iuda
503 648 633 710 mansit.

224 736 377 799 Imitatur
398 736 522 798 hanc
511 756 619 817 ipsam
647 736 784 817 figuram
807 737 971 814 Christus,
1003 704 1079 803 cuni

135 824 248 888 dicit
239 844 275 887 ιιι
297 825 451 905 parabola
471 824 548 889 Luc
575 819 645 887 14.¹
696 827 835 890 Vocatus
858 826 903 891 ad
923 846 1077 909 magnam

136 934 272 979 coenam
294 933 357 990 eos,
383 915 441 994 qui
462 914 499 977 in
521 914 650 978 civitate
674 920 774 979 crant.
751 914 883 979 tSed
899 934 974 979 cum
989 935 1077 999 prae·

137 1009 185 1066 ter
207 1002 354 1079 claudos,
384 1022 508 1080 coecos,
537 1008 570 1066 et
592 1003 671 1069 alios
698 1003 900 1069 calamitosos
927 1004 1078 1069 honines

94 1162 97 1166 ,
136 1111 234 1155 nemo
256 1092 366 1156 venire
387 1092 501 1168 vellet.
520 1091 653 1155 tandem
675 1092 868 1159 mandatum
891 1112 960 1157 esse
983 1112 1003 1155 a
1025 1092 1077 1157 dc

136 1181 228 1243 mino
243 1199 417 1286 coenae,u
394 1186 432 1245 t
446 1181 545 1245 enam
560 1188 758 1259 vocarentur,
783 1182 839 1263 qui
855 1187 945 1245 extra
963 1182 1079 1246 urbem

137 1270 174 1332 in
195 1269 346 1351 compitis
369 1253 485 1335 essent.

226 1358 279 1422 Ad
301 1360 391 1422 hunc
412 1358 548 1422 modum
569 1358 656 1422 hic
646 1380 683 1423 ιιι
704 1360 862 1441 propheta
828 1358 964 1423 tdicit
977 1357 1078 1423 domi·

137 1467 216 1511 nus:
252 1447 423 1516 Adducam
444 1448 597 1511 Israelem
619 1448 661 1511 ad
684 1467 820 1530 regnum
841 1448 981 1529 gratiae,
1009 1468 1078 1513 san·

137 1536 287 1603 ctificabc
310 1538 379 1602 eius
400 1537 570 1619 reliquias,
595 1537 651 1600 sed
675 1537 736 1614 sic,
761 1558 802 1601 ne
825 1556 884 1619 ego
906 1539 943 1602 in
964 1538 1079 1602 urbem

92 1655 97 1667 ι
137 1626 284 1703 veniam,
312 1626 375 1691 hoc
397 1633 461 1703 est,
489 1626 671 1707 relinquam
694 1646 748 1691 eos
776 1628 862 1691 inter
891 1632 1014 1709 gentas,
1047 1632 1080 1691 et

138 1716 223 1778 inter
249 1720 361 1795 gentes
390 1715 566 1778 miserebor
592 1716 713 1779 carum.
759 1716 873 1797 Itaque
903 1715 1081 1779 includitur

137 1804 192 1867 hic
215 1804 381 1885 abrogatis
402 1804 533 1886 politiae
556 1810 589 1867 et
612 1804 759 1867 cultuum
781 1802 1008 1883 Mosaicomm,
1040 1804 1078 1866 si·

139 1892 273 1973 quidem
306 1892 517 1957 sanctificatio
553 1892 617 1956 illis
655 1892 869 1975 promittitur,
909 1894 966 1973 qui
1004 1898 1081 1955 sunt
1185 1976 1187 1981 s

138 1988 231 2046 extra
253 1982 415 2054 civitatem
437 1982 522 2046 inter
543 1987 664 2063 gentes,
689 2002 755 2045 ιιοιι
777 1981 959 2045 circumcisi
973 2000 1079 2057 cama,

139 2091 206 2136 ιιοιι
228 2070 370 2136 instituti
391 2072 427 2136 in
449 2071 519 2152 lege
542 2077 601 2136 etc.

302 2250 395 2314 Post
417 2249 624 2313 dominum
647 2249 922 2347 ambulabunt.
1000 2229 1009 2250 x

146 2420 159 2459 ⁹
215 2446 245 2490 ιο
268 2427 400 2490 demum
423 2426 483 2490 erit
505 2426 647 2504 fructus,
678 2427 736 2508 qui
761 2433 912 2508 sequetur
947 2425 1081 2490 verbum
1114 2497 1119 2505 s

238 2516 396 2596 evangelii
418 2522 450 2579 et
480 2515 781 2592 sanctificationem,
814 2515 902 2596 quod
929 2535 1004 2578 cum
1026 2515 1089 2578 ha·

142 2611 257 2670 ctenus
293 2604 489 2670 ambularint
526 2605 705 2668 secundum
742 2603 901 2668 desideria
937 2603 1083 2668 cordium

143 2713 292 2772 sucrum,
322 2713 396 2756 cum
423 2695 594 2758 statuerint
623 2714 682 2758 sua
709 2713 812 2771 sacra,
841 2694 921 2758 ritus
950 2700 982 2757 et
1009 2693 1081 2770 alia,

142 2802 212 2846 esse
234 2781 396 2846 iusticiam
419 2803 526 2849 coram
549 2783 623 2860 dec,
651 2784 731 2847 haec
754 2784 864 2846 omnia
885 2782 983 2846 simul
1006 2781 1082 2846 abii-

143 2872 243 2948 cient‚
272 2877 305 2934 ct
331 2872 476 2935 nitentur
503 2878 632 2936 tantum
659 2871 787 2936 iusticia
817 2879 850 2936 et
877 2870 1002 2934 meritis
1024 2870 1083 2935 filii

143 2960 206 3037 dei,
230 2979 329 3040 quem
351 2960 387 3022 in
409 2961 574 3041 evangelio
597 2960 731 3024 audient
752 2959 909 3023 traditum
931 2979 990 3041 pro
1012 2978 1083 3038 pec·

143 3049 224 3112 catis
257 3049 412 3130 ipsorum.
458 3050 568 3113 Habet
594 3049 683 3112 enim
710 3049 871 3113 sententia
898 3049 979 3112 haec
1007 3047 1083 3112 insie

143 3157 241 3218 gnem
264 3138 459 3203 exclusivum
482 3140 629 3202 omnium
650 3157 784 3219 operum
799 3143 831 3202 οι
846 3137 1002 3212 οιιΙιιιιιιιι,
1027 3135 1090 3216 qui,

143 3221 210 3290 ιιοιι
233 3233 310 3290 sunt
332 3226 493 3300 dominus.
522 3234 524 3237 ’
541 3228 670 3302 Quanta
691 3228 727 3290 in
749 3233 871 3310 papatu
890 3226 1037 3290 cultuum
1052 3229 1088 3310 et

143 3329 279 3397 operum
302 3321 352 3378 est
372 3317 532 3380 varietas?
555 3316 598 3380 Iit
620 3322 730 3380 tamen
753 3335 819 3381 non
834 3315 1012 3379 monachus
1032 3333 1097 3378 vna,

156 3424 216 3467 um
239 3425 345 3481 suum,
369 3425 436 3468 non
451 3405 646 3468 sacrificulus
669 3405 803 3468 misaam
823 3424 925 3480 suam,
942 3422 1009 3465 uon
1026 3401 1085 3481 hy

148 3494 316 3558 uccritae
307 3493 429 3556 ieiunia
451 3514 519 3571 sua,
538 3515 605 3558 non
628 3493 710 3558 divit
696 3499 744 3557 tes
768 3494 987 3574 eleemosynas
1010 3509 1085 3554 suas

164 3582 312 3645 udebunt
334 3583 504 3664 appellare,
529 3582 616 3663 quod
639 3583 705 3659 sint
691 3581 887 3647 tdcminue

234 3773 263 3844 1)
281 3773 349 3828 Luc.
370 3773 412 3827 14.
449 3772 478 3844 2)
496 3773 567 3830 Post
584 3772 733 3828 dominum
752 3771 905 3832 ambulare.
986 3787 988 3790 ·
