2575 4225
436 259 460 315 1
476 255 508 315 Ξ
520 255 552 313 2
847 225 862 232 “
1098 250 1308 334 Caput
1352 249 1638 332 primum

428 435 600 491 *sn-1111
647 430 1003 494 invitantur
1045 428 1335 512 hospites
1352 478 1366 505 ,
1429 433 1505 490 ut
1549 428 1889 491 nuncietur
1932 429 2025 491 eis
2085 431 2310 493 omnia

428 543 560 583 *2³:551*-
608 525 849 599 parata.

608 607 706 671 Ad
774 610 893 672 has
968 608 1424 690 promissiones
1501 606 1856 688 respiciunt
1931 607 2307 688 prophetae,

432 719 572 759 mnu
632 696 1003 760 Idolatriam
1063 696 1555 760 fornicationem
1616 701 1876 772 vocant,
1939 695 2314 775 significant

428 791 628 863 mim,
688 786 863 866 quod
908 786 1067 850 deus
1123 793 1436 866 tanquam
1488 786 1758 847 maritus
1815 804 1884 847 se
1941 784 2314 849 adiunxerit

432 899 528 955 μιη
543 879 665 937 :ulo
712 894 828 937 suo
844 924 858 950 ,
908 879 973 937 et
1018 895 1168 937 eum
1212 875 1386 938 varie
1419 874 1738 938 ornaverit
1753 923 1767 950 ,
1817 873 1931 937 sed
1991 875 2315 955 populum

428 967 700 1027 *mlii-„um
767 965 1003 1026 horum
1076 964 1534 1026 beneficiorum
1610 968 1924 1042 tanquam
2000 983 2315 1045 sponsam

428 1054 789 1116 :list-essm&
835 1074 875 1116 a
919 1073 1174 1134 sponso,
1224 1059 1289 1115 et
1334 1071 1402 1115 se
1440 1071 1589 1115 cum
1619 1051 1843 1114 alienis
1875 1052 2312 1115 coniunxisse.

436 1283 452 1311 ³*
492 1283 592 1387 ..xm
645 1284 823 1347 hunc
868 1283 1137 1347 modum
1183 1284 1599 1347 concionatur
1655 1282 1970 1363 propheta
2015 1282 2316 1345 Ezechiel

472 1363 500 1387 ὲ
600 1393 691 1435 ca.
732 1374 832 1434 16.
867 1372 947 1433 de
978 1374 1218 1454 populo
1248 1373 1481 1435 veteris
1512 1371 1900 1447 testamenti,
1951 1371 2110 1433 dicit
2153 1392 2312 1434 eum

428 1471 655 1525 ustum.
686 1480 768 1522 ex
814 1461 1131 1540 gentibus,
1182 1468 1410 1525 natum
1455 1466 1770 1540 tanquam
1816 1460 2119 1541 puellam,
2169 1480 2309 1523 um·

428 1551 616 1611 mlier}
661 1570 795 1612 non
838 1551 1144 1630 praeciso,
1195 1569 1361 1630 quae
1406 1570 1526 1613 nec
1568 1550 1700 1613 lota
1745 1550 1812 1611 in
1846 1548 2139 1625 salutem,
2191 1570 2316 1613 nec

428 1643 552 1699 salu
604 1658 961 1721 conspersa,
1009 1660 1128 1702 nec
1159 1639 1450 1704 involuta
1480 1638 1716 1722 pannis
1746 1643 1862 1701 est.
1927 1638 2099 1704 Talis
2133 1639 2313 1701 enim

428 1731 600 1807 origo
645 1728 772 1791 fuit
815 1728 1010 1792 huius
1056 1729 1301 1811 populi,
1351 1729 1517 1791 sicut
1561 1733 1627 1791 et
1668 1722 1894 1791 Iosue²
1951 1733 2016 1790 et
2045 1727 2309 1809 Stepha-

430 1839 548 1879 nus
564 1811 584 1847 ³³¹
640 1823 959 1881 testantur
974 1868 987 1894 ,
1060 1824 1136 1880 ut
1194 1817 1572 1900 simpliciter
1628 1836 1744 1899 per
1802 1815 2311 1880 misericordiam

428 1907 729 1970 *lominus
781 1907 1111 1969 Abraham
1170 1907 1591 1987 assumpserit
1657 1927 1741 1968 ex
1806 1905 2039 1968 mediis
2109 1906 2308 1986 genti·

432 1999 580 2063 hus,
640 2002 706 2058 et
750 2015 831 2058 ex
876 1996 1148 2059 idolatra
1194 1996 1416 2059 fecerit
1473 1995 1598 2059 sibi
1659 2015 1915 2058 servum
1930 2044 1944 2071 ,
2005 1995 2310 2058 misertus

428 2087 600 2144 *mim
648 2085 897 2164 generis
942 2084 1249 2164 humani,
1315 2086 1490 2149 hunc
1536 2084 1724 2166 quasi
1768 2104 2024 2148 ramum
2070 2104 2152 2147 ex
2217 2104 2307 2148 ar-

432 2176 576 2232 Ῑπῃτε.
628 2174 821 2236 totius
869 2175 1116 2254 generis
1162 2174 1437 2254 humani
1484 2174 1828 2255 decerpsit,
1879 2194 1961 2236 ex
2007 2194 2137 2254 quo
2185 2173 2311 2237 sibi

431 2264 745 2340 plmrtaret
800 2264 1114 2343 populum
1174 2265 1362 2343 quasi
1417 2263 1710 2340 hortum,
1783 2283 1859 2325 ea
1925 2263 2054 2327 fuit
2121 2263 2309 2344 quasi

432 2352 636 2432 [nfirma
681 2356 855 2414 aetas
901 2351 1126 2433 populi
1171 2352 1403 2414 veteris
1450 2353 1838 2415 testamenti.

608 2440 766 2501 Cum
797 2447 1016 2504 autem
1046 2441 1177 2502 iam
1210 2441 1525 2523 coepisset
1552 2439 1967 2523 multiplicari
2005 2440 2306 2521 populus,

428 2544 492 2588 vt
540 2540 847 2608 tanquam
892 2522 1109 2610 puella
1152 2536 1408 2593 matura
1461 2550 1598 2593 esse
1656 2530 1811 2593 viro.
1905 2529 2033 2604 Ibi,
2090 2529 2312 2609 inquit

428 2618 728 2680 ‹hm-smus
747 2668 760 2694 ,
820 2619 1033 2680 adhuc
1092 2618 1268 2680 nuda
1325 2624 1391 2681 et
1446 2618 1842 2682 confusionis
1898 2618 2093 2698 plena
2144 2637 2306 2694 eraS,

431 2728 500 2764 am
552 2711 680 2767 erat
725 2710 867 2767 tum
912 2712 1169 2788 tempus
1190 2756 1203 2783 ‚
1254 2728 1382 2787 quo
1430 2707 1634 2770 amari
1678 2712 1931 2789 poteras
1949 2756 1963 2783 ‚
2020 2706 2310 2787 primurn

432 2796 624 2872 igitur·
669 2794 951 2874 expandi
996 2795 1307 2859 amictum
1352 2817 1574 2859 meum
1620 2816 1814 2877 super
1857 2801 1953 2871 te,
2011 2800 2076 2857 et
2131 2795 2306 2875 igno-

431 2884 697 2944 111iniam
719 2888 902 2945 tuam
925 2885 1167 2965 operui.
1222 2885 1390 2947 Nam
1422 2906 1571 2948 cum
1601 2886 1880 2967 populus
1909 2884 1981 2946 in
2010 2885 2309 2965 Aegypto

432 2972 887 3052 multiplicatus
935 2979 1117 3049 esset,
1168 2979 1233 3036 et
1276 2974 1410 3035 iam
1457 2994 1621 3055 pene
1666 2975 1737 3036 in
1783 2972 2075 3054 gentium
2111 2971 2306 3037 idola-

432 3064 616 3120 triam
660 3062 1005 3138 involutuS‚
1063 3062 1156 3125 ibi
1201 3063 1468 3125 demum
1513 3063 1795 3126 ostendit
1840 3061 2143 3124 dominus
2192 3063 2307 3124 mi-

432 3149 834 3212 sericordiam
881 3170 1067 3212 suam
1086 3201 1099 3228 ‚
1149 3157 1214 3214 et
1257 3150 1582 3232 ingressus
1630 3152 1712 3213 ad
1746 3153 1921 3213 hunc
1966 3150 2305 3231 populum,

428 3240 616 3316 quasi
645 3237 728 3299 ad
758 3238 1060 3319 puellam,
1109 3260 1225 3320 per
1254 3241 1500 3317 Mosen,
1549 3241 1700 3302 iniit
1729 3260 1878 3303 cum
1909 3259 1985 3301 eo
2017 3245 2304 3318 pactum.

428 3328 556 3388 Hic
616 3325 792 3389 vides
851 3328 1071 3388 omnia
1126 3335 1338 3407 gesta,
1401 3335 1716 3410 tanquam
1772 3349 1811 3390 a
1867 3347 2106 3410 sponso
2153 3347 2301 3390 curm

428 3436 679 3492 emm-sa.
795 3416 1145 3494 Postquam
1212 3423 1432 3480 autem
1507 3417 1784 3498 populus
1859 3418 2056 3480 huius
2132 3436 2278 3497 pac·

428 3732 476 3780 Ὗ
544 3732 568 3780 Ἀ
608 3658 661 3784 ἒ)
686 3661 885 3783 711on
921 3661 1262 3730 Ezechielis,
1314 3678 1395 3716 ca.
1436 3661 1519 3714 16.
1558 3661 1894 3730 explicatus.
1969 3661 2025 3728 2)
2065 3662 2178 3716 Ios.
2218 3661 2246 3715 Ξ

428 3764 444 3784 2.
468 3747 484 3796 ,a
528 3776 540 3780 -
576 3748 604 3784 ις
636 3771 645 3782 .
721 3772 732 3783 .
