2575 4225
457 283 584 346 Hoseae
606 285 791 366 prophetae.
1027 290 1091 354 443

207 460 391 540 mpleetitur
424 467 533 523 autem
561 461 666 525 brevis
697 462 778 525 haec
809 464 920 527 concio
950 467 1093 547 pulcher·

209 549 327 611 rimam
364 549 502 612 formam
536 551 762 631 poenitentiae.
827 552 972 615 Primum
1007 558 1094 618 enim

149 638 308 713 hortatur,
331 644 369 700 ut
392 637 515 700 abiecta
537 638 656 701 fiducia
679 640 801 722 proprii
823 642 942 718 meriti,
968 664 1092 708 conver-

148 732 224 789 tant
252 746 286 789 se
314 727 356 789 ad
384 727 581 809 promissum
603 747 728 805 semen,
765 730 852 809 quod
880 733 1094 796 contriturum

151 822 221 878 erat
244 822 341 896 caput
359 817 524 896 serpentis,
549 822 582 879 et
605 818 808 881 sublaturum
824 820 1091 898 maledictionem,

149 904 188 965 in
219 924 318 984 quam
347 911 477 986 propter
510 912 678 987 peccatum
713 907 891 988 primorum
922 916 1093 990 parentum

149 999 258 1056 totum
286 994 468 1056 humanum
498 1014 599 1074 genus
633 996 820 1075 prolapsum
851 1002 908 1058 est.
962 999 1002 1062 In
1030 1000 1092 1062 hoc

148 1102 262 1145 semen
286 1082 343 1162 qni
365 1083 513 1159 credunt,
548 1084 609 1146 hoc
632 1103 743 1146 semen
773 1085 829 1164 qui
853 1086 1028 1167 accipiunt,
1057 1089 1093 1150 hi

150 1192 219 1233 non
250 1177 326 1234 sunt
353 1171 521 1248 idolatrae,
559 1172 616 1234 sed
644 1172 742 1234 deum
766 1174 891 1249 colunt,
922 1194 960 1237 ec
983 1176 1089 1252 modo,

149 1280 217 1339 quo
239 1260 309 1341 ipse
340 1280 374 1323 se
397 1261 549 1341 patefecit
577 1261 719 1337 homini,
751 1268 783 1324 et
806 1263 867 1324 coli
894 1263 1005 1326 voluit.
1051 1266 1092 1327 In

1230 1220 1235 1229 '⁴
1239 1158 1250 1201 a„
1245 1010 1251 1027 ⁴.
1237 976 1250 979 ;
1240 942 1246 947 τ
1249 920 1251 925 ,
1239 876 1248 887 :1
1233 832 1250 854 ⁴⁴
1243 768 1253 809 ,Ἰ
1229 664 1248 713 ,3.ἶ,
1248 616 1253 629 β
1248 584 1250 599 st
1250 540 1251 545 Α
1250 482 1253 511 Α
1245 412 1253 445 „5
1241 330 1253 385 μὴν
1237 250 1253 307 :⁴⁷
1240 220 1241 223 „
1226 130 1250 197 ,2⁰53—
1223 49 1249 113 ’ντὶ
1232 11 1233 14 ⁴

1252 1300 1275 1327 ’κ
1246 276 1275 1281 1-4,(ωεκ“1ὴὴζίτ,;ζι;3ᾉ,ΐ;μεῖἱὲγῳέᾢὲᾱ
1266 225 1274 248 .,
1252 192 1273 209 ’,Α
1250 93 1271 161 3,*

148 1349 213 1411 hoc
242 1350 331 1411 enim
359 1351 483 1411 semine
511 1350 692 1423 ostenditur
721 1351 832 1427 nobis,
864 1371 946 1431 quae
975 1354 1017 1414 sit
1039 1352 1092 1415 dei
1187 1404 1188 1407 ,

148 1456 227 1518 erga
249 1458 308 1501 nos
330 1440 488 1514 voluntas,
513 1439 601 1517 quod
623 1458 691 1501 non
713 1439 824 1516 irasci,
850 1441 907 1503 sed
929 1443 1091 1522 propicius

148 1547 236 1602 esse,
265 1548 331 1590 non
360 1527 528 1603 damnare,
560 1526 616 1590 sed
647 1528 768 1591 salvare
796 1530 875 1592 velit
899 1537 1089 1613 peccatores,

148 1616 312 1696 siquidem
339 1617 428 1678 hune
456 1616 559 1679 filium
586 1617 679 1697 ponit
708 1618 874 1681 victimam
896 1640 954 1699 pro
984 1640 1090 1700 pecca·

150 1705 284 1769 toribus.
332 1705 397 1767 Hic
427 1712 476 1768 est
504 1706 609 1767 cultus
639 1705 761 1782 cordis,
795 1713 828 1769 et
859 1707 942 1770 sicut
972 1709 1089 1770 Paulus

149 1788 309 1877 appellat¹
329 1788 438 1879 λογικῇ
453 1792 593 1877 λατρεία,
622 1813 705 1874 quae
727 1794 763 1855 in
777 1795 883 1875 prima
905 1796 1016 1857 tabula
1039 1796 1089 1858 de·

148 1884 253 1962 calogi
275 1884 473 1963 proponitur.

240 1972 412 2035 Manifesta
445 1978 555 2033 autem
589 1978 637 2035 est
671 1972 854 2048 antithesis
894 1972 971 2052 quia
1001 1968 1090 2036 enim

148 2061 255 2137 iubet,
293 2066 331 2124 ut
358 2060 399 2124 ad
431 2060 528 2124 deum
564 2067 803 2138 convertantur,
841 2061 1000 2141 significat
1034 2078 1088 2126 eos

148 2170 277 2214 aversos
313 2170 381 2213 esse
411 2171 429 2212 a
461 2151 536 2226 deo,
572 2171 629 2213 seu
659 2152 770 2227 verbe,
806 2157 838 2215 11
867 2152 1003 2214 retinere
1032 2172 1090 2214 sua

148 2239 267 2303 studia.
318 2233 400 2302 2Hic
421 2241 480 2319 qui
502 2240 666 2320 poenitere
682 2239 796 2303 volunt
817 2259 946 2302 necesse
969 2246 1026 2316 est,
1053 2247 1091 2302 ut

149 2329 190 2391 ad
214 2329 313 2391 deum
328 2334 563 2405 convertantur,
587 2329 650 2391 hcc
667 2336 722 2404 est,
748 2334 785 2391 ut
808 2329 978 2391 attendant
992 2331 1089 2392 verbo

148 2417 328 2481 secundum
350 2417 542 2480 mandatum
564 2417 605 2479 de
628 2419 730 2480 coelo:
755 2418 853 2478 Hunc
876 2417 993 2479 audite.

239 2506 291 2568 Ad
313 2507 401 2569 hune
423 2508 563 2582 cultum,
592 2507 650 2585 qui
672 2513 721 2569 est
746 2506 826 2567 fides
857 2505 892 2566 in
915 2505 1087 2582 Christum,
1114 2513 1115 2518 ’

146 2602 270 2671 monet,
293 2601 332 2658 ut
352 2595 475 2657 addant
496 2596 575 2657 alios
598 2602 746 2658 externos
769 2595 882 2657 cultus.
929 2594 993 2668 Qui
1015 2616 1089 2658 vero

149 2684 186 2747 hi
216 2686 314 2747 sunt?
359 2683 585 2746 Sacrificiane‘?
623 2684 832 2747 Oblationes?
870 2683 1090 2748 Holocausta‘?

149 2774 310 2835 Incensa?
355 2773 578 2854 Baptismata?
613 2779 673 2836 etc.
730 2773 820 2836 Haec
854 2773 987 2852 quidem
1021 2794 1088 2859 pro·

150 2863 257 2943 posita
286 2868 377 2924 erant
402 2861 533 2924 Iudaico
567 2863 702 2943 populo,
738 2863 879 2942 primum
916 2869 954 2925 ut
984 2869 1090 2924 essent

149 2950 302 3014 exercitia
318 2952 442 3012 externi
465 2951 578 3013 cultus.
610 2950 745 3028 Deinde,
769 2956 806 3012 ut
821 2955 976 3029 tanquam
992 2957 1088 3031 typus

149 3039 253 3102 futuri
283 3039 429 3103 sacrificii
454 3040 604 3102 docerent
631 3039 789 3119 populum
819 3037 859 3100 de
882 3057 957 3101 vera
979 3039 1088 3101 libera-

149 3127 238 3192 tione
262 3149 282 3190 1
306 3129 458 3209 peccatis,
489 3148 571 3208 quae
592 3147 661 3190 non
688 3146 746 3207 per
775 3127 992 3207 aspersionem
1020 3147 1088 3190 san-

150 3217 258 3296 guinis
274 3217 402 3292 taurini,
427 3217 552 3296 agnini,
576 3215 720 3292 vitulini,
752 3215 808 3278 sed
831 3215 981 3296 promissi
997 3217 1088 3277 semi·

149 3306 211 3382 nis,
235 3305 298 3368 hoe
313 3311 372 3382 est,
395 3305 455 3367 filii
468 3305 530 3382 dei,
554 3310 690 3369 ventura
705 3308 781 3366 erat.
827 3303 904 3367 Ideo
920 3323 993 3366 cum
1009 3305 1089 3366 haec

154 3400 258 3457 essent
279 3400 386 3474 typus,
411 3414 539 3457 necesse
562 3393 626 3458 fuit
649 3413 686 3456 ea
709 3391 828 3456 aboleri
851 3399 1015 3473 praesente
1038 3411 1088 3455 ve-

240 3585 268 3653 1)
287 3585 369 3639 Rom.
389 3584 447 3638 12!
482 3585 511 3653 2)
530 3585 668 3640 Doctrina
686 3583 887 3653 poenitentiae.

240 3763 265 3831 ·)
285 3763 321 3815 In
339 3763 400 3816 coll.
419 3763 523 3817 varta:
552 3763 632 3818 Rom.
653 3761 695 3815 13.
