2575 4225
215 296 281 358 422
519 296 624 378 Caput
647 294 856 359 undecimum

213 497 275 539 nus
299 494 437 557 poenam
458 470 604 537 Adamae
632 479 666 537 et
680 472 828 537 Zeboim.
876 450 923 537 m
944 448 1056 537 tamen
1079 468 1160 539 dicit
1272 494 1273 497 ’

214 565 374 639 dominus,
399 581 588 626 conversum
611 561 654 625 ad
677 583 711 625 00
734 580 908 635 corsuum,
933 568 965 625 et
986 562 1159 627 incensum
1272 592 1273 617 1

213 672 282 715 esse
310 645 622 728 commiseratione,l
655 651 717 715 hoc
741 650 820 732 quid
847 650 936 713 aliud
962 656 1012 713 est
1040 651 1157 729 dicere,
1271 656 1273 677 “

213 762 312 821 quam
327 740 415 822 quod
438 761 492 803 cor
515 740 712 803 concitatum
735 739 782 802 ira
802 745 933 821 propter
948 746 1080 821 peccata
1102 741 1157 803 ho·
1270 750 1273 817 ,⁴

212 830 354 906 minum,
383 850 449 893 non
472 830 515 897 sit
536 848 648 893 verum
670 828 810 904 dei-cor,
834 847 946 891 verum
970 836 1081 892 autem
1103 829 1158 893 dei

212 939 266 981 cor
291 907 354 981 iroc
381 938 464 994 csse,
496 918 584 1000 quod
614 918 755 980 afficitur
782 918 876 980 malis
904 918 1036 995 nostris,
1069 918 1158 999 quod
1271 938 1273 1009 f

212 1008 303 1071 ardet
331 1008 621 1084 commiseratione,
656 1006 743 1089 quod
770 1006 958 1070 hominibus
987 1008 1157 1071 ruentibus
1270 1032 1273 1089 3

212 1097 247 1159 in
270 1116 367 1161 suum
389 1096 530 1160 exicium
552 1115 649 1179 opem
672 1096 743 1173 fert,
771 1114 809 1159 ac
831 1094 954 1158 meritis
977 1101 1158 1165 extremam
1238 1142 1243 1145 -
1270 1130 1273 1175 ,

213 1187 429 1250 calamitatem
452 1187 536 1249 ultro
558 1178 750 1248 benefacit²
799 1182 871 1248 Hoc
888 1202 961 1247 vere
985 1190 1035 1247 est
1057 1182 1158 1249 deum

212 1295 291 1351 esse,
316 1296 385 1339 esse
403 1276 634 1356 ignoscentem,
659 1274 749 1354 tangi
771 1273 890 1337 nostris
905 1273 1066 1354 periculis,
1091 1294 1157 1337 ma·

211 1384 276 1442 gno
299 1364 407 1427 studio
429 1369 462 1426 et
476 1362 644 1426 molimine
667 1363 752 1440 ferri,
777 1362 819 1425 ad
841 1359 999 1426 iuvandos
1022 1362 1158 1427 miseros
1270 1346 1273 1459 Ξ

212 1458 393 1532 peccatores
416 1458 449 1515 et
471 1451 652 1535 eripiendos
676 1472 717 1513 ex
738 1450 862 1515 meritis
886 1451 1009 1533 poenis.
1272 1464 1273 1471 ’

300 1540 512 1621 Proposuerat
535 1540 614 1603 deus
629 1540 744 1621 primis
767 1540 955 1622 parentibus
970 1539 1158 1605 inobedien-

212 1628 276 1690 tiae
298 1649 447 1711 poenam,
471 1634 619 1706 mortem,
652 1622 1021 1692 10000010100100110
1045 1628 1158 1693 volens

212 1716 433 1798 iniquitatem,
457 1717 679 1800 lapsissigitur
700 1719 736 1781 in
758 1723 927 1800 peccatum
951 1722 983 1781 et
1005 1724 1156 1796 mortem,
1271 1712 1273 1757 ³

211 1808 273 1869 etsi
299 1827 439 1889 poenam
468 1829 536 1871 non
562 1826 692 1889 prorsus
723 1807 852 1883 adimit,
881 1812 993 1869 tamen
1015 1807 1157 1888 mitigat,
1271 1844 1273 1889 9

211 1902 244 1958 et
266 1896 426 1977 promittit
448 1898 544 1962 morti
563 1916 783 1961 successuram
805 1888 936 1973 vitam,⁴
963 1915 1021 1977 per
1044 1915 1160 1960 semen
1272 1896 1273 1965 i

211 1986 364 2063 mulieris,
389 1986 477 2067 quod
500 1990 599 2067 caput
621 1985 778 2069 serpentis
802 1985 1016 2048 contriturum
1039 1991 1098 2049 est.

301 2074 405 2139 Causa
438 2074 538 2140 subiti
572 2075 670 2139 huius
709 2074 809 2139 boni?
862 2072 952 2148 Quae
983 2078 1032 2138 est
1067 2076 1159 2157 quod
1272 2074 1273 2081 ’

211 2184 296 2226 mors
323 2170 453 2247 propter
485 2171 655 2247 peccatum
690 2163 844 2245 irrogata,
884 2183 941 2246 per
969 2161 1074 2226 filiurn
1103 2164 1159 2228 dei
1271 2181 1272 2244 t

210 2252 346 2329 tollitur,
390 2258 423 2317 et
450 2274 491 2316 ex
521 2260 651 2317 aeterna
684 2268 789 2335 poena
817 2258 946 2316 tantum
978 2253 1016 2316 fit
1049 2273 1158 2334 poena
1271 2269 1272 2342 ζ

209 2342 405 2422 corporalis?
450 2343 582 2406 Prorsus
606 2343 720 2406 eadem
743 2347 792 2406 est
815 2359 926 2419 causa,
955 2361 1021 2422 qua
1043 2342 1098 2406 hic
1121 2363 1156 2406 se
1271 2349 1272 2426 ᾗ

208 2431 403 2496 commoveri
431 2431 511 2495 deus
534 2431 629 2509 dicit,
663 2429 750 2513 quod
770 2431 929 2512 populum
951 2429 1064 2508 Israel,
1098 2433 1158 2512 qui

209 2520 343 2583 meritus
367 2527 436 2586 erat
458 2540 598 2602 poenam
617 2521 763 2584 Adamae
786 2526 819 2583 et
834 2518 974 2595 Zeboim,
1000 2525 1097 2600 negat
1120 2541 1155 2584 se
1270 2535 1271 2582 ;

208 2609 338 2688 penitus
361 2610 573 2688 perditurum.
620 2609 824 2674 Convertitur
854 2607 941 2671 enim
968 2628 1022 2670 cor
1049 2609 1155 2689 ipsius
1269 2599 1271 2678 ἐ

209 2695 250 2756 ad
273 2695 392 2775 ipsum,
416 2697 479 2759 hoc
501 2702 558 2772 est,
583 2695 668 2759 redit
691 2698 733 2760 ad
747 2697 924 2777 ingenium,
949 2695 1075 2761 obtinet
1099 2717 1153 2760 au·
1269 2715 1271 2759 ς

208 2783 346 2861 tiquum,
371 2804 437 2847 nou
460 2783 607 2848 irascitur
630 2785 699 2848 sine
722 2785 830 2862 modo,
854 2783 943 2848 mitis
967 2791 1024 2862 est,
1053 2786 1154 2850 habet
1269 2827 1270 2834 ,

209 2892 262 2934 cor
285 2894 354 2951 non
375 2873 431 2951 ira,
456 2873 513 2937 sed
536 2870 644 2937 amore
668 2895 706 2938 ac
722 2874 1000 2948 commiseratione
1024 2873 1156 2938 ardens

206 2962 321 3041 Itaque
350 2962 460 3028 abiicit
486 2963 583 3040 iram,
622 2969 656 3027 et
686 2964 831 3044 sequitur
861 2981 954 3026 suam
990 2970 1150 3040 naturam,
1268 2969 1270 3024 ἶ

207 3070 290 3129 quae
312 3049 406 3129 bona,
438 3052 582 3134 placida,
607 3052 791 3133 ignoscens,
815 3052 995 3116 misericors
1018 3058 1068 3116 est
1091 3059 1151 3116 etc.
1268 3059 1270 3074 ²

296 3140 398 3204 Addit
425 3147 534 3205 autem
563 3160 711 3204 causam:
752 3140 836 3214 Quia
864 3140 956 3204 deus·
973 3161 1031 3221 ego
1066 3162 1149 3218 sum,

208 3250 273 3290 non
295 3230 408 3306 homo,
445 3237 478 3293 et
500 3235 630 3294 sanctus
662 3230 697 3293 in
720 3229 829 3294 medio
856 3230 915 3293 tui.
961 3231 1033 3294 Hoc
1062 3231 1151 3292 aliud

207 3318 290 3380 nihil
318 3323 380 3395 est,
421 3339 520 3399 quam
553 3319 581 3382 si
615 3319 716 3382 dicat:
764 3319 846 3381 Cum
874 3319 1038 3394 misereor,
1076 3337 1147 3382 cum

206 3407 346 3486 ignosco,
371 3426 446 3471 cum
465 3413 579 3488 tangor
593 3408 707 3471 vestris
730 3408 834 3484 malis,
859 3407 930 3483 hoc,
943 3407 1037 3484 facio,
1063 3427 1133 3488 quo<

297 3601 324 3665 1)
345 3598 402 3655 Gor
413 3599 460 3654 dei
472 3599 575 3668 quale?
612 3599 640 3667 2)
654 3601 739 3654 Deus.
777 3597 805 3666 3)
824 3598 898 3654 Psal.
912 3598 953 3653 5.·
989 3597 1017 3665 4)
1038 3597 1133 3653 Gen⁵

210 3708 315 3716 Ἢ

296 3775 321 3844 *)
340 3777 377 3829 In
394 3776 456 3830 coll.
475 3778 550 3832 Ien:
568 3777 644 3833 Psal.
664 3775 690 3846 4,
