2575 4225
216 258 283 321 490
453 254 558 335 Caput
580 258 732 334 quartum
755 249 918 315 decimum

215 433 326 514 impiis
341 437 418 495 sunt
432 430 523 494 inita.
558 430 648 492 Sicut
662 431 820 511 propheta
835 429 876 491 ad
891 429 1046 510 Iosapbat
1059 428 1157 492 dicit:
1273 413 1275 432 ¹

215 523 299 596 Quia
309 520 452 583 habuisti
467 519 581 581 foedus
596 538 671 580 cum
686 519 816 594 Ahasia,
833 518 990 600 percussit
1001 517 1158 581 dominus
1274 567 1275 574 ,

212 614 384 691 operatua,
392 606 724 683 hocsst,nonaddidit
732 625 923 683 successum,
932 607 1070 667 2.Paral.
1079 602 1152 669 20.1
1273 627 1275 656 ÷

213 749 322 866 Qvod
352 751 449 830 igitur
477 755 586 812 sancta
621 748 755 812 ecclesia
787 747 850 811 hoc
883 749 919 810 in
952 749 1021 812 loco
1056 748 1156 812 dicit:

274 840 346 902 Non
369 837 507 903 salvabit
528 858 587 900 nos
610 858 668 899 rex
690 839 799 900 Assur.
836 837 934 900 Item:
958 837 1032 900 Non
1047 857 1156 900 ascen-

211 928 328 991 demus
352 948 466 1009 equos,
497 927 585 989 idem
607 933 671 1001 est,
700 926 787 988 acsi
816 925 918 988 dicat:
954 925 1157 989 Abiiciemus

211 1038 306 1099 spem
329 1017 477 1080 omnium
497 1017 717 1079 humanorum
745 1013 992 1095 praesidiorum,
1025 1020 1058 1077 et
1087 1023 1156 1079 tan·

211 1114 285 1169 tum
308 1104 508 1188 sperabimus
530 1105 565 1166 in
588 1101 641 1165 dei
663 1103 816 1166 bonitate.
864 1103 953 1166 Sicut
975 1103 1055 1188 psal.
1078 1099 1152 1168 20.²

211 1194 309 1257 dicit:
342 1194 389 1256 Hi
412 1195 447 1256 in
470 1193 615 1256 curribus
638 1192 729 1254 etin
751 1191 858 1273 equis,
884 1213 943 1254 nos
966 1199 1077 1255 autem
1100 1214 1156 1257 no-

211 1303 290 1347 men
318 1282 445 1346 domini
477 1281 530 1344 dei
557 1282 659 1344 nostri
693 1280 890 1344 invocamus.
937 1281 1158 1346 Succumbcnt

213 1372 311 1451 igitur
339 1371 375 1433 hi
405 1377 438 1434 et
467 1369 596 1445 cadent,
632 1389 691 1432 nos
721 1376 831 1432 autem
858 1368 1015 1434 stabimus
1045 1373 1154 1435 erecti.

212 1459 285 1521 Etsi
307 1459 395 1520 enim
417 1459 492 1539 pius
515 1459 720 1537 magistratus
744 1458 889 1521 curribus
913 1463 945 1521 et
973 1460 1065 1540 equis
1094 1461 1155 1522 uti-

211 1552 279 1623 tur,
308 1553 418 1609 tamen
440 1551 548 1626 sperat
569 1545 725 1610 divinitus
749 1546 931 1624 victoriam,
963 1554 996 1611 et
1025 1553 1158 1611 tantum

211 1636 254 1699 ab
278 1635 399 1698 auxilio
423 1639 455 1698 et
477 1634 699 1697 benedictione
722 1634 849 1697 domini
869 1635 999 1716 pendet,
1025 1657 1092 1700 non
1116 1658 1159 1700 ex

212 1725 305 1806 equis
340 1730 397 1788 aut
429 1729 586 1805 apparatu
623 1723 748 1786 bellico.
801 1723 853 1786 Ad
890 1725 980 1787 hunc
1018 1726 1153 1788 modum

92 1809 97 1818 '
211 1815 311 1876 etiam
334 1812 464 1876 foedera
486 1812 570 1875 inter
592 1812 662 1893 pios
694 1832 762 1875 esse
792 1818 939 1894 possunt.
985 1813 1056 1876 Imo
1088 1815 1157 1877 iam

211 1908 308 1965 antea
329 1902 413 1964 inter
435 1921 494 1964 nos
521 1901 700 1963 arctissimo
728 1901 855 1963 foedere
883 1901 1092 1982 professionis
1123 1913 1156 1967 ct

212 1991 283 2070 spei
305 1990 468 2053 coniuncti
491 2009 619 2066 sumus,
650 1989 707 2052 sed
729 1988 816 2054 varie
839 1990 981 2071 produnt
1003 1991 1156 2055 homines

210 2099 324 2143 sensus
348 2099 432 2155 suos,
457 2079 545 2160 quod
567 2079 629 2142 alio
653 2073 785 2142 consilio
808 2078 938 2142 foedera
959 2080 1080 2144 ineant.

301 2169 397 2230 Porro
421 2188 486 2232 non
508 2174 639 2231 tantum
662 2168 704 2255 ad
727 2167 863 2250 imperia
892 2174 925 2232 et
955 2170 1154 2251 respublicas

210 2257 290 2319 haec
313 2255 459 2319 doctrina
480 2256 632 2337 pertinet,
662 2256 758 2320 debet
780 2257 859 2319 haec
889 2258 987 2321 etiam
1013 2260 1153 2338 privato·

209 2367 284 2408 rum
306 2364 364 2426 per
387 2365 518 2408 omnem
540 2345 641 2408 vitam
664 2353 697 2409 et
718 2346 754 2409 in
776 2346 927 2409 omnibus
951 2347 1093 2426 negociis
1108 2368 1153 2411 re·

210 2436 287 2514 gula
309 2454 390 2509 esse,
421 2440 460 2497 ut
481 2434 541 2498 toti
564 2432 769 2515 dependeant
797 2434 837 2495 ab
862 2434 986 2519 auxilio
1016 2435 1086 2512 dei,
1122 2444 1155 2500 et

210 2525 295 2587 sicut
324 2523 418 2603 copia
447 2528 505 2586 aut
532 2524 678 2602 potentia
705 2544 772 2585 non
796 2522 898 2593 ,debet
926 2544 984 2587 nos
1018 2523 1154 2588 reddere

209 2632 338 2674 securos
365 2617 422 2673 aut
447 2611 604 2687 tumidos,
642 2611 687 2674 sic
714 2610 826 2693 inopia
853 2617 886 2673 et
912 2612 1151 2678 calamitatibus

209 2717 277 2760 non
310 2697 464 2760 debemus
498 2698 613 2777 frangi.
660 2700 743 2761 Nam
777 2700 831 2763 hic
865 2720 993 2781 quoque
1032 2702 1154 2765 fiducia

207 2784 445 2848 misericordiae
469 2784 521 2847 dei
544 2786 688 2866 erigendi
711 2794 788 2851 sunt
810 2789 925 2865 animi,
958 2809 1033 2853 cum
1064 2811 1151 2854 exer-

209 2894 320 2939 cemur
349 2873 484 2951 morbis,
516 2875 664 2955 penuria,
700 2876 830 2939 iniustis
859 2876 942 2941 odiis
972 2885 1031 2941 ctc.
1079 2880 1152 2943 Hoc

16 3000 33 3034 r
128 3045 132 3049 4
209 2985 321 3028 verum
355 2964 543 3027 exercitium
578 2970 627 3027 est
661 2965 758 3046 primi
791 2967 970 3047 praecepti,
1013 2974 1050 3030 ut
1089 2975 1150 3031 sta-

208 3058 340 3115 tuamus
363 3052 460 3115 deum
483 3058 629 3116 ausuum
653 3073 721 3117 esse
744 3053 859 3131 deum,
889 3061 922 3117 et
950 3056 985 3117 in
1015 3076 1053 3119 co
1083 3059 1151 3120 solo

208 3141 408 3218 haereamus,
433 3140 559 3230 tamin
582 3142 723 3205 adversis
747 3161 847 3223 quam
870 3142 1019 3207 secundis
1042 3144 1148 3208 rebus.
1266 3164 1270 3221 t

212 3293 371 3408 ⁸Artcra
393 3298 550 3403 particula
583 3300 631 3403 de·
647 3300 796 3382 operibus
819 3321 977 3366 manuum
1009 3304 1150 3385 pertinet
1267 3318 1270 3347 ¹

296 3388 339 3451 ad
373 3389 549 3452 ecclcsram.
600 3388 689 3452 S1cut
723 3391 811 3452 enim
845 3390 963 3454 fiducia
1000 3393 1127 3474 propria

206 3476 370 3555 potentiae
393 3478 529 3559 capitale
552 3496 725 3559 regnorum
747 3486 916 3559 peccatum
939 3486 1003 3557 est,
1032 3480 1078 3543 ita
1101 3502 1126 3543 cr

86 3685 104 3698 ‚,
299 3649 326 3716 1)
348 3650 374 3704 2.
397 3653 488 3707 Paral.
514 3651 558 3705 20.
594 3651 623 3719 2)
649 3652 724 3705 Psal.
750 3651 792 3705 20.
829 3652 858 3720 3)
884 3652 1003 3707 Fiducia
1028 3668 1118 3721 opem

210 3723 359 3787 peccatum
378 3722 536 3789 spirituale.
