2575 4225
56 3749 83 3859 3
211 3781 282 3836 sunt
299 3778 408 3834 furiosi.

212 276 280 369 8'74
385 355 391 365 .
559 303 665 387 Osput
686 322 810 369 nonum

256 476 479 594 Venerunt
515 481 603 544 dies
640 479 915 556 visitationis,
957 484 1153 543 vene-runt

253 656 256 661 .
309 569 410 658 'dies
432 570 740 646 retributionis,
764 568 893 633 Israel·
911 568 1073 632 sentiet.
1133 600 1147 609 ⁴·

212 744 400 862 Cohaerent
412 748 493 812 haec
508 768 583 813 cum
598 747 825 831 superioribus,
853 745 1031 826 Singularis
1043 750 1155 811 autem

268 836 433 921 emphasis
455 844 504 902 est
524 838 561 901 in
583 856 635 914 eo,
667 835 755 918 quod
778 835 920 919 appellat
945 834 1015 899 dies
1046 835 1153 900 visita·

211 924 312 991 tionis
345 931 379 989 et
411 925 639 991 retributionis.
686 924 770 989 Nam
802 924 883 989 dum
916 940 1022 1007 poena
1050 924 1152 1002 abest,

211 1014 307 1099 impii
330 1015 496 1080 somniant
516 1014 615 1079 deum
636 1019 795 1095 tanquam
816 1011 1003 1095 cupidinem
1019 1030 1155 1077 caecum

211 1123 296 1181 esse,
330 1122 392 1169 nec
420 1122 568 1186 unquam
602 1102 911 1169 animadversurum.
957 1101 1022 1165 Sed
1055 1102 1154 1185 paulo

211 1198 294 1276 post,
322 1192 432 1275 inquit
452 1192 627 1276 prophete,
659 1191 878 1256 recordabitur
899 1190 1081 1271 iniquitatis
1103 1208 1153 1254 eo

211 1300 295 1357 rum,
315 1288 348 1345 et
360 1280 505 1346 visitabit
520 1288 652 1365 peecata
666 1275 806 1345 eorum.¹
843 1280 946 1361 Igitur
960 1278 1156 1343 excutienda

211 1374 280 1431 erat
300 1368 382 1433 haec
403 1370 572 1447 securitas,
603 1376 637 1433 et
659 1368 860 1433 redeundum
882 1368 918 1430 in
940 1368 1043 1445 viam,
1073 1367 1156 1431 dum

211 1455 376 1537 flagellum
391 1464 503 1534 cessat,
520 1464 553 1521 et
567 1458 663 1522 datur
677 1464 806 1540 tempus
821 1454 1049 1539 poenitentiae.
1090 1457 1155 1529 Qui

210 1550 321 1608 autem
342 1545 406 1609 hoc
426 1546 645 1628 poenitentiae
667 1552 797 1629 tempus
819 1546 888 1609 sine
911 1544 1019 1609 fructu
1041 1544 1156 1609 sinunt

210 1632 315 1710 abire,
349 1633 386 1696 hi
418 1639 531 1716 postea
564 1634 684 1700 frustra
717 1639 877 1716 quaerunt
914 1632 1155 1713 mitigationem
1238 1678 1241 1681 -

211 1740 390 1804 poenarum
418 1724 504 1788 sicut
529 1723 687 1807 propheta
714 1722 808 1786 dicit:
844 1721 943 1787 Israel
971 1726 1152 1805 cognoscet,

210 1810 274 1875 hoc
296 1818 355 1891 est,
379 1813 497 1878 sentiet
517 1832 571 1878 me
593 1830 669 1879 vera
690 1811 898 1894 praedixisse.

210 1996 212 2002 '
254 1985 469 2098 Propheta
490 1991 641 2056 stultus
664 1995 737 2067 eet,
762 1987 859 2070 quia
880 1986 1085 2069 gloriatur
1108 1987 1154 2052 de

315 2079 484 2163 spiritu,
508 2079 628 2158 furit,
661 2082 832 2163 propter
853 2076 1019 2143 multam
1049 2083 1154 2143 tuam

255 2167 526 2249 iniquitatem
548 2175 586 2233 et
607 2169 818 2236 vehemens
840 2167 988 2232 odium.

253 2350 408 2426 ostquam
436 2345 474 2410 in
499 2365 615 2426 genere
641 2344 848 2426 reprehendit
877 2365 989 2409 omnes
1021 2352 1154 2430 propter
1277 2343 1278 2346 ’

251 2433 463 2513 idolatriam,
487 2454 575 2499 nunc
597 2433 776 2516 specialiter
798 2432 838 2496 de
853 2432 1038 2498 doctoribus
1050 2434 1152 2516 loqui·
1277 2467 1278 2496 i

208 2529 273 2587 tur.
324 2517 446 2589 'Vocat
467 2525 591 2600 stultos,
616 2519 705 2605 quod
727 2541 794 2586 non
816 2522 966 2599 verbum,
989 2522 1048 2586 sed
1070 2543 1152 2588 som·
1277 2515 1278 2532 ²

209 2610 267 2674 nia
289 2631 348 2675 sua
370 2610 538 2688 docebant,
562 2612 642 2674 itam
664 2610 867 2687 furibundos,
891 2609 979 2692 quod
1002 2617 1035 2676 et
1050 2611 1152 2675 mani·

210 2699 295 2760 festa
315 2700 447 2779 peccata
469 2699 700 2776 defendebant,
725 2719 809 2781 quae
832 2700 1014 2763 communis
1038 2717 1152 2764 sensus

211 2783 390 2863 iudicabat,
426 2793 460 2850 et
490 2785 655 2850 inclinatis
689 2787 756 2850 iam
789 2788 885 2852 rebus
918 2788 1154 2870 promittebant

210 2874 353 2939 meliora.
398 2874 489 2942 Sicut
516 2875 553 2939 in
581 2881 704 2959 papatu
729 2875 827 2939 hodie
857 2875 1043 2940 defenditur
1073 2895 1151 2940 usus
1276 2897 1278 2942 ι

210 2963 308 3028 unius
341 2964 476 3047 speciei,
511 2964 685 3029 damnatur
718 2964 905 3046 coniugium
937 2964 1151 3042 sacerdotum,
1276 3015 1278 3038 ,

210 3053 416 3118 constituitur
438 3054 543 3121 cultus
565 3055 602 3119 in
628 3054 709 3118 cibis
738 3053 848 3132 certis,
879 3054 915 3117 in
942 3054 1151 3119 vestimen.
1276 3055 1278 3062 ’

209 3141 301 3205 Haec
323 3142 422 3208 etiem
444 3143 537 3226 pueri
558 3141 701 3208 iudicare
723 3148 869 3225 possunt.
915 3141 979 3206 Sed
1000 3143 1152 3207 homines
1277 3143 1278 3192 f

210 3236 354 3296 amentes
377 3237 411 3296 et
429 3232 498 3296 sine
513 3252 610 3298 sensu
624 3231 725 3309 omni,
749 3232 848 3295 etiam
863 3230 1007 3314 indignis
1021 3231 1154 3315 piorum

210 3319 363 3384 caedibus
385 3320 467 3384 haec
488 3320 677 3385 detendunt.

298 3411 340 3473 In
362 3409 487 3474 Ebraeo
510 3414 559 3473 est
581 3409 666 3486 ,Isoh
688 3407 823 3472 haruah‘
847 3410 896 3473 vir
918 3407 1060 3492 spiritus,
1088 3407 1139 3470 ho«

209 3504 276 3575 est,
306 3499 363 3579 qui
385 3498 484 3566 iactat
505 3497 668 3580 spiritum,
701 3497 759 3577 qui
785 3498 940 3578 gloriatur
968 3517 1003 3561 se
1029 3495 1148 3560 habere

287 3700 327 3774 Ι1)
346 3706 465 3763 Nullum
482 3709 631 3778 peccatum
647 3705 834 3777 impunitum.
870 3705 899 3776 2)
913 3705 1049 3762 Doctores
1064 3705 1137 3775 imp·
