2575 4225
193 243 256 305 188
530 241 635 321 Caput
656 241 799 321 primum

190 419 226 481 in
248 420 318 499 lege
341 418 467 481 domini
488 417 542 480 dei
564 418 663 481 Israel
685 418 720 480 in
742 423 811 481 toto
834 415 928 481 corde
958 434 1034 494 suo,
1065 438 1133 481 non

191 509 279 570 onim
301 507 432 570 recessit
454 527 474 569 a
495 507 634 587 peccatis
657 506 832 583 Ierobeam,
857 506 914 586 qui
935 525 1068 588 peecare
1089 507 1133 569 fe·

191 603 278 659 cerat
299 596 407 658 lsrael.
453 596 556 675 Igitur
579 595 663 659 sicut
684 615 782 677 supra
811 590 995 658 idolatriam
1025 598 1132 677 ap'pel·

190 685 270 748 lavit
291 686 450 767 propheta
470 684 725 761 fornicationem,
749 684 796 748 ita
817 684 871 747 hio
892 704 977 752 novo
999 685 1133 747 nomine

193 774 336 851 ,damim‘
360 776 533 854 sanguines
556 774 706 855 appellat.
752 774 864 853 Neque
884 772 1012 854 longius
1027 774 1133 854 inqui·-

190 862 292 925 renda
312 862 410 926 huius
433 862 658 944 appellationis
680 862 760 925 ratio
784 866 841 939 est,
871 857 966 925 1nam
984 861 1134 926 idolatria

191 970 318 1032 semper
346 971 421 1014 oum
450 951 602 1014 caedibus
630 957 664 1014 et
692 952 849 1031 sanguine
878 951 1050 1015 coniuncta
1073 959 1131 1016 est.

192 1039 276 1113 Quia
297 1040 386 1103 enim
408 1041 455 1122 pii
478 1040 622 1105 doctores
645 1060 712 1102 non
734 1047 871 1121 possunt
893 1041 1062 1105 connivere
1089 1040 1132 1103 ad

191 1128 309 1209 impios
331 1129 450 1206 cultus,
482 1129 539 1192 sed
562 1128 717 1192 mandato
740 1128 793 1191 dei
815 1129 970 1192 damnare
999 1148 1068 1205 eos,
1100 1136 1133 1193 et

190 1237 338 1280 revocare
360 1219 519 1299 populum
542 1218 584 1280 ad
612 1237 726 1281 sanam
754 1217 935 1281 doctrinam
962 1224 1131 1297 cogrmtur,

191 1312 310 1382 contra,
334 1306 533 1388 impii'nihil
554 1306 664 1369 minus
687 1312 823 1387 possunt
845 1306 940 1383 ferre,
965 1326 1064 1386 quam
1086 1328 1132 1392 re·

189 1396 438 1476 prehensionem
468 1416 601 1459 suorum
621 1396 791 1459 cultuum.
838 1396 952 1476 Itaque
986 1396 1133 1476 potentia

190 1491 288 1565 atque
310 1485 426 1566 opibus
448 1485 608 1560 instructi,
633 1484 745 1548 statim
768 1484 947 1566 expediunt
970 1505 1074 1561 arma,
1099 1491 1133 1549 et

190 1580 427 1655 persequuntur
449 1594 539 1638 veros
563 1574 718 1637 doctores.
763 1575 812 1637 Ac
834 1574 898 1637 fuit
920 1573 991 1639 istis
1010 1579 1131 1655 tempo·

190 1662 279 1726 ribus
304 1663 403 1726 etiam
424 1662 545 1727 usitata
567 1662 747 1726 immolatio
769 1663 953 1739 liberorum,
978 1663 1063 1726 sicut
1084 1664 1131 1726 hi·

191 1752 306 1814 storiae
328 1751 513 1815 ostendunt.
559 1752 674 1832 Itaque
697 1751 795 1815 etiam
818 1772 856 1837 ea
882 1752 1006 1815 ratione
1033 1750 1132 1815 idola·

190 1841 252 1902 tria
273 1846 357 1903 recte
381 1846 513 1905 vocatur
535 1842 667 1920 sanguis
690 1860 748 1903 seu
771 1841 954 1921 sanguines.

284 1923 364 1991 'Sed
392 1936 517 2011 practer
542 1928 623 1992 haec
650 1929 808 1992 usitatum
836 1929 924 2011 apud
958 1929 1133 2011 prophetas

191 2023 254 2094 est,
284 2018 384 2081 utin
413 2038 527 2098 genere
556 2023 689 2100 peccata
711 2024 827 2082 vocent
849 2020 1032 2098 sanguines.
1079 2018 1132 2081 Sic

190 2105 295 2170 David
321 2106 358 2168 in
385 2108 441 2169 illa
469 2108 634 2171 communi
668 2107 892 2189 deprecatione
926 2114 1133 2189 peccatorum
1187 2119 1193 2124 ·
1285 2187 1286 2198 ¹

190 2195 274 2276 petit
294 2195 423 2257 liberari
445 2196 630 2273 midamim,
658 2216 679 2256 a
701 2197 922 2276 sanguinibus.
969 2197 1012 2260 ut
1038 2189 1132 2261 ³lize·

191 2282 275 2345 ohiel
296 2283 332 2345 in
354 2283 438 2360 loco,
467 2304 565 2364 quem
588 2304 687 2366 supra
710 2285 894 2362 citavimus,
926 2287 987 2348 etsi
1017 2285 1134 2349 alludit

191 2372 233 2434 ad
255 2372 457 2436 nativitatem
478 2373 637 2449 hominis,
668 2393 744 2436 cum
766 2374 860 2437 dicit:
896 2374 974 2437 Vidi
996 2379 1029 2437 te
1061 2393 1132 2437 san·

190 2461 344 2541 guinibus
373 2461 603 2540 deformatam,
634 2468 746 2526 tamen
774 2463 936 2543 significat
962 2469 1133 2544 peecatum

190 2551 337 2630 originis,
362 2552 450 2630 quod
472 2571 531 2614 nos
554 2571 663 2614 coram
685 2551 747 2614 deo
769 2572 839 2615 reos
862 2553 991 2627 statuit,
1022 2557 1055 2613 et
1083 2557 1134 2615 est

190 2637 279 2713 fons,
318 2639 405 2700 unde
439 2645 507 2703 tota
539 2640 664 2720 reliqua
697 2640 917 2720 inobedientia
951 2646 1132 2721 promanat.

190 2727 276 2788 Vera
303 2726 402 2806 igitur
430 2726 591 2799 sententia
619 2728 717 2791 huius
747 2729 809 2792 loci
837 2735 901 2806 est,
931 2728 1019 2809 quod
1048 2729 1135 2792 sicut

190 2813 271 2877 deus
293 2815 474 2878 idolatriam
497 2817 699 2898 superiorum
721 2837 834 2899 regum
857 2839 924 2880 non
946 2835 1060 2900 passus
1083 2823 1135 2882 est

190 2904 329 2967 inultam
356 2925 440 2982 esse,
476 2907 523 2969 ita
552 2926 681 2987 quoque
709 2907 786 2971 velit
814 2907 913 2970 etiam
946 2907 1062 2988 punire
1096 2907 1134 2969 in

190 2992 288 3057 domo
315 2994 411 3071 Iehu,
443 2996 478 3058 in
499 2997 631 3072 Iezreel,
659 2996 722 3058 hoc
750 3001 813 3072 est,
848 2997 884 3058 in
907 2995 1051 3058 Samaria
1074 3015 1133 3059 seu

190 3100 289 3161 regno
311 3084 418 3146 Israel.

280 3169 391 3244 Qualis
413 3178 523 3236 autem
544 3173 596 3235 vel
617 3171 759 3236 visitatio
781 3173 833 3237 vel
855 3192 959 3254 poena
980 3173 1061 3235 haec
1084 3172 1133 3236 fu·

190 3265 263 3322 tura
278 3260 329 3336 sit,
346 3268 515 3341 exponunt
529 3261 707 3340 sequentia,
724 3281 847 3325 cessare
862 3261 980 3325 faciam
994 3281 1136 3342 regnum

280 3436 306 3502 1)
331 3434 469 3489 Idolatria
495 3449 610 3502 semper
637 3452 703 3490 oum
731 3436 871 3503 sanguine
898 3437 1050 3490 coniuncta
1079 3443 1131 3491 est.

190 3503 219 3642 ἐξ
238 3506 399 3629 ἓῐῑορξθτῗὲ
417 3507 565 3574 appellant
582 3513 700 3574 peccata
718 3508 873 3574 sanguines
895 3511 948 3562 etc.
984 3507 1061 3561 Psal.
1081 3508 1131 3561 51¹

278 3591 311 3628 ec
334 3618 339 3628 .
396 3617 402 3629 .
