2575 4225
430 282 556 364 Hoseae
578 281 763 364 prophetae.
1000 284 1064 348 315

121 460 197 524 Non
213 459 372 523 abiiciunt
386 459 511 536 missas,
535 481 601 523 non
616 459 854 524 invocationem
869 466 1063 538 sanctonum,

123 571 192 613 uon
219 549 408 612 meritorum
436 548 604 626 fiduciam,
634 548 691 611 sed
722 548 773 611 his
801 554 957 629 tanquam
980 570 1063 613 sum-

83 650 96 659 ·
122 639 187 700 mis
222 637 362 701 cultibus
396 644 527 719 sperant
560 658 595 701 se
625 637 814 719 depulsuros
846 639 996 715 lincam,
1033 646 1065 703 et

12 720 13 765 ³
123 728 245 789 maiore
276 726 384 791 studio
412 728 448 789 in
474 746 528 790 eos
556 727 766 803 incumbunt,
799 746 898 805 quam
928 728 1065 791 antehac

124 836 281 897 unquam.
334 815 428 890 Quod
457 815 546 878 enim
575 821 651 878 ante
678 835 746 877 non
779 816 942 892 solebant,
978 837 1064 881 nunc

12 953 13 966 ,
123 905 288 967 mandatis
311 909 432 985 cogunt
453 904 599 968 subditos
622 903 664 965 ad
691 904 776 967 hanc
804 904 1001 982 idolatriam,
1033 913 1065 969 et

12 981 14 1054 i
122 993 263 1073 diligens
285 994 324 1056 fit
344 994 512 1073 inquisitio
535 993 570 1056 in
593 1013 663 1068 eos,
694 992 752 1074 qui
773 993 987 1073 negligentius
1015 1015 1063 1057 su·

12 1155 13 1174 ¹
122 1083 347 1164 perstitionem
380 1082 530 1147 videntur
564 1102 684 1145 curare.
737 1081 817 1156 Quis
851 1087 961 1145 autem
999 1104 1064 1147 non

122 1172 236 1247 sentit,
267 1190 343 1234 cum
370 1172 432 1235 hoc
460 1171 558 1235 modo
587 1175 745 1251 quaerant
771 1170 956 1247 dominum,
989 1190 1064 1234 eum

12 1243 13 1316 i
123 1280 189 1323 non
212 1260 360 1337 inveniri,
384 1260 441 1324 sed
464 1260 647 1324 discessisse
670 1260 711 1323 ab
735 1259 791 1323 eis.
836 1260 950 1340 Itaque
973 1266 1063 1325 tanto

12 1355 14 1418 i
123 1369 275 1412 successu
298 1356 408 1413 contra
430 1370 484 1414 eos
506 1349 711 1429 belligeratur
734 1350 846 1411 'llnca

212 1433 350 1502 Illustris
372 1440 427 1502 hic
448 1440 538 1503 locus
561 1444 619 1515 est,
643 1438 701 1519 qui
723 1439 864 1520 pertinet
885 1437 928 1500 ad
951 1437 1062 1502 doctri-

123 1548 201 1589 nam
223 1527 264 1590 de
288 1528 494 1609 poenitentia,
518 1548 602 1609 quae
624 1548 691 1591 non
706 1527 741 1589 in
756 1526 897 1590 externis
912 1528 1061 1606 cultibus,

121 1616 180 1679 sed
203 1615 239 1678 in
262 1617 485 1681 emendatione
508 1623 722 1700 peccatorum,
747 1622 780 1679 et
802 1616 920 1681 fiducia
942 1618 1062 1681 miseri-

121 1705 251 1768 cordiae
273 1704 328 1768 dei
349 1706 455 1788 posita
478 1713 536 1769 est.
564 1723 566 1726 ·

165 1880 419 1993 spreverunt
447 1884 665 1961 dominum,
702 1882 795 1963 quia
824 1883 934 1946 filios
969 1883 1061 1945 alie-

222 1993 296 2036 nos
319 1978 561 2053 genuerunt,
586 1992 690 2035 nunc
709 1972 1064 2053 igiturdevorabit

116 2124 119 2133 ,
166 2082 237 2126 eos
260 2062 406 2126 mensis
429 2082 618 2126 unacum
641 2062 749 2143 agris
773 2062 964 2146 ipsorum.
1019 2070 1028 2093 ⁸

122 2238 307 2357 Qvomodo
335 2245 492 2323 spernunt
519 2239 705 2317 dominum,
736 2239 808 2320 qui,
840 2246 878 2304 ut
906 2240 1063 2322 propheta

183 2330 276 2407 dixit,
302 2336 461 2410 quaerunt
480 2329 651 2393 dominum
667 2349 741 2392 cum
756 2330 860 2393 bobus
877 2334 908 2392 et
924 2330 1063 2393 ovibus?

121 2419 227 2492 Quem
250 2420 340 2481 enim
363 2420 436 2500 quis
459 2419 596 2501 spernit,
627 2420 715 2481 hunc
738 2439 804 2481 non
832 2417 971 2498 quaerit,
996 2438 1062 2480 non

120 2513 273 2590 sumptus
297 2508 365 2571 eius
388 2528 485 2571 causa
508 2507 585 2570 facit
607 2513 667 2570 etc.

99 2665 106 2675 ¹
216 2591 297 2659 ¹Sed
320 2597 489 2677 aliquoties
520 2596 681 2672 diximus),
711 2595 881 2658 dominum
912 2615 1062 2676 quaerere

118 2686 210 2748 aliud
233 2686 317 2748 nihil
339 2705 417 2762 esse,
442 2705 540 2767 quam
563 2685 716 2767 amplecti
738 2683 881 2760 verbum,
906 2683 1003 2748 verbo
1019 2691 1061 2746 at·

121 2775 271 2851 tendere,
295 2776 393 2838 verbo
415 2795 539 2856 parcre,
564 2795 630 2837 non
653 2775 821 2837 instituere
844 2773 923 2837 alios
947 2775 1060 2849 cultus,

120 2885 188 2927 non
204 2863 331 2926 credere
346 2864 444 2927 aliam
459 2864 606 2939 salutem,
623 2881 723 2943 quam
738 2864 873 2927 verbum
888 2856 1058 2924 ostendit²

120 2953 171 3016 Ita
194 2957 400 3016 contemnere
422 2952 535 3028 deum,
565 2958 614 3015 est
636 2952 796 3032 negligere
824 2951 974 3026 verbum,
1006 2951 1061 3010 fin·

120 3061 194 3121 gere
219 3041 325 3104 cultus
347 3047 473 3123 praeter
495 3041 639 3117 verbum,
664 3039 727 3102 niti
750 3039 821 3102 aliis
844 3040 939 3101 rebus
963 3059 1063 3118 quarn

122 3130 258 3193 verbum
281 3129 381 3193 iubet·

211 3218 264 3282 Ad
286 3219 422 3283 verbum
443 3219 542 3299 igitur
564 3216 803 3299 respiciendum
826 3220 890 3292 est,
922 3216 951 3278 si
978 3221 1062 3278 certo

122 3307 264 3371 iudicare
293 3309 359 3384 vis,
388 3308 447 3388 qui
473 3328 550 3370 nam
576 3327 650 3370 vere
678 3311 790 3370 curent
820 3325 877 3368 seu
908 3309 1063 3385 quaerant

139 3417 235 3474 teum,
272 3402 305 3459 et
339 3396 396 3476 qui
423 3401 632 3460 contemnant
661 3395 768 3459 deum.
814 3393 898 3456 Nam
927 3393 984 3472 qui
1011 3413 1062 3454 ne-

155 3492 226 3548 ecto
253 3484 351 3548 verbo
385 3484 543 3549 iudicium
576 3485 662 3548 volet
696 3503 821 3547 sumere
855 3483 895 3544 ab
931 3487 1063 3545 externa

155 3595 257 3636 rerum
282 3575 396 3656 specie,
425 3575 561 3637 falletur.
608 3573 775 3648 Quantum
802 3570 890 3634 enirn
917 3570 1064 3634 studium

213 3767 240 3836 1)
260 3767 355 3821 Deum
372 3782 508 3836 quaerere
526 3765 616 3835 quid?
654 3764 682 3832 2)
703 3762 893 3819 Contemnere
913 3763 1008 3818 deum.
