<?xml version="1.0" encoding="UTF-8"?>
<!DOCTYPE html PUBLIC "-//W3C//DTD XHTML 1.0 Transitional//EN"
    "http://www.w3.org/TR/xhtml1/DTD/xhtml1-transitional.dtd">
<html xmlns="http://www.w3.org/1999/xhtml" xml:lang="en" lang="en">
 <head>
  <title>
</title>
<meta http-equiv="Content-Type" content="text/html;charset=utf-8" />
  <meta name='ocr-system' content='tesseract 3.04.00' />
  <meta name='ocr-capabilities' content='ocr_page ocr_carea ocr_par ocr_line ocrx_word'/>
</head>
<body>
  <div class='ocr_page' id='page_1' title='image "./exegeticaoperal13luthgoog_0516.png"; bbox 0 0 2575 4225; ppageno 0'>
   <div class='ocr_carea' id='block_1_1' title="bbox 8 0 173 4018">
    <p class='ocr_par' dir='ltr' id='par_1_1' title="bbox 8 0 173 4018">
     <span class='ocr_line' id='line_1_1' title="bbox 8 0 173 4018; baseline 0 0"><span class='ocrx_word' id='word_1_1' title='bbox 8 0 173 4018; x_wconf 95' lang='lat' dir='ltr'> </span> 
     </span>
    </p>
   </div>
   <div class='ocr_carea' id='block_1_2' title="bbox 906 245 2177 328">
    <p class='ocr_par' dir='ltr' id='par_1_2' title="bbox 906 245 2177 328">
     <span class='ocr_line' id='line_1_2' title="bbox 906 245 2177 328; baseline 0 -20"><span class='ocrx_word' id='word_1_2' title='bbox 906 245 1159 310; x_wconf 82' lang='lat' dir='ltr'>Hcseae</span> <span class='ocrx_word' id='word_1_3' title='bbox 1204 247 1576 328; x_wconf 82' lang='lat' dir='ltr'>prophetae.</span> <span class='ocrx_word' id='word_1_4' title='bbox 2049 248 2177 308; x_wconf 74' lang='lat'>505</span> 
     </span>
    </p>
   </div>
   <div class='ocr_carea' id='block_1_3' title="bbox 294 423 2185 1836">
    <p class='ocr_par' dir='ltr' id='par_1_3' title="bbox 294 423 2185 1836">
     <span class='ocr_line' id='line_1_3' title="bbox 294 423 2177 506; baseline 0.001 -20"><span class='ocrx_word' id='word_1_5' title='bbox 294 443 443 487; x_wconf 86' lang='lat' dir='ltr'>rosa</span> <span class='ocrx_word' id='word_1_6' title='bbox 456 472 470 500; x_wconf 91' lang='lat'>,</span> <span class='ocrx_word' id='word_1_7' title='bbox 543 442 677 486; x_wconf 90' lang='lat' dir='ltr'>non</span> <span class='ocrx_word' id='word_1_8' title='bbox 734 443 817 486; x_wconf 87' lang='lat' dir='ltr'>ex</span> <span class='ocrx_word' id='word_1_9' title='bbox 870 423 1005 486; x_wconf 85' lang='lat' dir='ltr'>suis</span> <span class='ocrx_word' id='word_1_10' title='bbox 1061 424 1306 488; x_wconf 85' lang='lat' dir='ltr'>viribus</span> <span class='ocrx_word' id='word_1_11' title='bbox 1363 429 1476 487; x_wconf 92' lang='lat' dir='ltr'>aut</span> <span class='ocrx_word' id='word_1_12' title='bbox 1529 430 1788 506; x_wconf 88' lang='lat' dir='ltr'>propter</span> <span class='ocrx_word' id='word_1_13' title='bbox 1853 424 2177 488; x_wconf 63' lang='lat' dir='ltr'>iustiniani</span> 
     </span>
     <span class='ocr_line' id='line_1_4' title="bbox 295 511 2181 592; baseline 0.001 -17"><span class='ocrx_word' id='word_1_14' title='bbox 295 532 505 588; x_wconf 89' lang='lat' dir='ltr'>suam,</span> <span class='ocrx_word' id='word_1_15' title='bbox 555 517 621 575; x_wconf 90' lang='lat' dir='ltr'>et</span> <span class='ocrx_word' id='word_1_16' title='bbox 663 513 790 574; x_wconf 88' lang='lat' dir='ltr'>alia</span> <span class='ocrx_word' id='word_1_17' title='bbox 832 511 1025 588; x_wconf 85' lang='lat' dir='ltr'>dona,</span> <span class='ocrx_word' id='word_1_18' title='bbox 1074 512 1188 575; x_wconf 91' lang='lat' dir='ltr'>sed</span> <span class='ocrx_word' id='word_1_19' title='bbox 1236 513 1390 592; x_wconf 90' lang='lat' dir='ltr'>quia</span> <span class='ocrx_word' id='word_1_20' title='bbox 1438 512 1741 576; x_wconf 90' lang='lat' dir='ltr'>dominus</span> <span class='ocrx_word' id='word_1_21' title='bbox 1786 513 1848 575; x_wconf 91' lang='lat' dir='ltr'>ei</span> <span class='ocrx_word' id='word_1_22' title='bbox 1885 520 1981 576; x_wconf 83' lang='lat' dir='ltr'>est</span> <span class='ocrx_word' id='word_1_23' title='bbox 2013 516 2181 576; x_wconf 69' lang='lat' dir='ltr'>sieut</span> 
     </span>
     <span class='ocr_line' id='line_1_5' title="bbox 294 600 2177 683; baseline 0 -19"><span class='ocrx_word' id='word_1_24' title='bbox 294 621 401 664; x_wconf 86' lang='lat' dir='ltr'>ros</span> <span class='ocrx_word' id='word_1_25' title='bbox 420 651 433 677; x_wconf 93' lang='lat'>,</span> <span class='ocrx_word' id='word_1_26' title='bbox 457 601 606 664; x_wconf 58' lang='lat' dir='ltr'>*hoc</span> <span class='ocrx_word' id='word_1_27' title='bbox 651 607 775 678; x_wconf 89' lang='lat' dir='ltr'>est,</span> <span class='ocrx_word' id='word_1_28' title='bbox 837 602 992 682; x_wconf 88' lang='lat' dir='ltr'>quia</span> <span class='ocrx_word' id='word_1_29' title='bbox 1037 600 1343 665; x_wconf 88' lang='lat' dir='ltr'>dominus</span> <span class='ocrx_word' id='word_1_30' title='bbox 1388 604 1574 666; x_wconf 87' lang='lat' dir='ltr'>affert</span> <span class='ocrx_word' id='word_1_31' title='bbox 1617 602 1701 664; x_wconf 90' lang='lat' dir='ltr'>ad</span> <span class='ocrx_word' id='word_1_32' title='bbox 1745 602 1953 683; x_wconf 80' lang='lat' dir='ltr'><strong>ipsam</strong></span> <span class='ocrx_word' id='word_1_33' title='bbox 2001 604 2177 664; x_wconf 50' lang='lat' dir='ltr'>iusti*</span> 
     </span>
     <span class='ocr_line' id='line_1_6' title="bbox 296 689 2177 772; baseline -0.001 -18"><span class='ocrx_word' id='word_1_34' title='bbox 296 690 467 754; x_wconf 89' lang='lat' dir='ltr'>ciam</span> <span class='ocrx_word' id='word_1_35' title='bbox 482 739 497 767; x_wconf 91' lang='lat'>,</span> <span class='ocrx_word' id='word_1_36' title='bbox 575 689 744 754; x_wconf 84' lang='lat' dir='ltr'>tollit</span> <span class='ocrx_word' id='word_1_37' title='bbox 808 696 1146 772; x_wconf 80' lang='lat' dir='ltr'>peccatum</span> <span class='ocrx_word' id='word_1_38' title='bbox 1214 689 1416 754; x_wconf 86' lang='lat' dir='ltr'>donat</span> <span class='ocrx_word' id='word_1_39' title='bbox 1483 692 1783 772; x_wconf 87' lang='lat' dir='ltr'>spiritum</span> <span class='ocrx_word' id='word_1_40' title='bbox 1860 699 2177 768; x_wconf 70' lang='lat' dir='ltr'>sanct-um,</span> 
     </span>
     <span class='ocr_line' id='line_1_7' title="bbox 297 777 2177 861; baseline -0.001 -19"><span class='ocrx_word' id='word_1_41' title='bbox 297 778 542 842; x_wconf 85' lang='lat' dir='ltr'>excitat</span> <span class='ocrx_word' id='word_1_42' title='bbox 584 777 801 856; x_wconf 88' lang='lat' dir='ltr'>fidem,</span> <span class='ocrx_word' id='word_1_43' title='bbox 849 778 1308 855; x_wconf 76' lang='lat' dir='ltr'>obedientiam,</span> <span class='ocrx_word' id='word_1_44' title='bbox 1358 799 1570 861; x_wconf 88' lang='lat' dir='ltr'>spem,</span> <span class='ocrx_word' id='word_1_45' title='bbox 1619 781 2033 861; x_wconf 75' lang='lat' dir='ltr'>pacientiam,</span> <span class='ocrx_word' id='word_1_46' title='bbox 2085 780 2177 840; x_wconf 78' lang='lat' dir='ltr'>di-</span> 
     </span>
     <span class='ocr_line' id='line_1_8' title="bbox 294 864 2169 949; baseline 0.001 -19"><span class='ocrx_word' id='word_1_47' title='bbox 294 868 643 931; x_wconf 88' lang='lat' dir='ltr'>lectionem</span> <span class='ocrx_word' id='word_1_48' title='bbox 699 868 983 949; x_wconf 86' lang='lat' dir='ltr'>proximi</span> <span class='ocrx_word' id='word_1_49' title='bbox 999 917 1013 944; x_wconf 94' lang='lat'>‚</span> <span class='ocrx_word' id='word_1_50' title='bbox 1078 874 1144 931; x_wconf 88' lang='lat' dir='ltr'>et</span> <span class='ocrx_word' id='word_1_51' title='bbox 1199 869 1359 931; x_wconf 87' lang='lat' dir='ltr'>alias</span> <span class='ocrx_word' id='word_1_52' title='bbox 1418 867 1539 932; x_wconf 92' lang='lat' dir='ltr'>deo</span> <span class='ocrx_word' id='word_1_53' title='bbox 1585 873 1798 948; x_wconf 86' lang='lat' dir='ltr'>gratas</span> <span class='ocrx_word' id='word_1_54' title='bbox 1842 864 2169 933; x_wconf 55' lang='lat' dir='ltr'>virtutes,1</span> 
     </span>
     <span class='ocr_line' id='line_1_9' title="bbox 295 956 2181 1039; baseline 0 -19"><span class='ocrx_word' id='word_1_55' title='bbox 295 957 468 1020; x_wconf 89' lang='lat' dir='ltr'>Nam</span> <span class='ocrx_word' id='word_1_56' title='bbox 528 956 885 1020; x_wconf 89' lang='lat' dir='ltr'>similitudo</span> <span class='ocrx_word' id='word_1_57' title='bbox 939 976 1119 1020; x_wconf 85' lang='lat' dir='ltr'>rosae</span> <span class='ocrx_word' id='word_1_58' title='bbox 1179 963 1506 1038; x_wconf 82' lang='lat' dir='ltr'>utrunque</span> <span class='ocrx_word' id='word_1_59' title='bbox 1569 959 2041 1039; x_wconf 76' lang='lat' dir='ltr'>complectitur,</span> <span class='ocrx_word' id='word_1_60' title='bbox 2113 964 2181 1020; x_wconf 75' lang='lat' dir='ltr'>et</span> 
     </span>
     <span class='ocr_line' id='line_1_10' title="bbox 295 1045 2177 1128; baseline 0 -20"><span class='ocrx_word' id='word_1_61' title='bbox 295 1045 851 1127; x_wconf 84' lang='lat' dir='ltr'>pulchritudinem</span> <span class='ocrx_word' id='word_1_62' title='bbox 896 1045 1073 1125; x_wconf 92' lang='lat' dir='ltr'>quod</span> <span class='ocrx_word' id='word_1_63' title='bbox 1119 1052 1384 1128; x_wconf 86' lang='lat' dir='ltr'>aspectu</span> <span class='ocrx_word' id='word_1_64' title='bbox 1427 1046 1713 1109; x_wconf 88' lang='lat' dir='ltr'>iucunda</span> <span class='ocrx_word' id='word_1_65' title='bbox 1758 1052 1872 1124; x_wconf 87' lang='lat' dir='ltr'>est,</span> <span class='ocrx_word' id='word_1_66' title='bbox 1922 1052 1985 1109; x_wconf 85' lang='lat' dir='ltr'>et</span> <span class='ocrx_word' id='word_1_67' title='bbox 2033 1048 2177 1108; x_wconf 63' lang='lat' dir='ltr'>ndo*</span> 
     </span>
     <span class='ocr_line' id='line_1_11' title="bbox 296 1134 2177 1214; baseline 0 -18"><span class='ocrx_word' id='word_1_68' title='bbox 296 1154 457 1211; x_wconf 86' lang='lat' dir='ltr'>rem,</span> <span class='ocrx_word' id='word_1_69' title='bbox 505 1153 700 1214; x_wconf 89' lang='lat' dir='ltr'>quem</span> <span class='ocrx_word' id='word_1_70' title='bbox 742 1134 872 1197; x_wconf 92' lang='lat' dir='ltr'>late</span> <span class='ocrx_word' id='word_1_71' title='bbox 916 1134 1152 1198; x_wconf 83' lang='lat' dir='ltr'>fundit.</span> <span class='ocrx_word' id='word_1_72' title='bbox 1246 1135 1506 1198; x_wconf 76' lang='lat' dir='ltr'>Placent</span> <span class='ocrx_word' id='word_1_73' title='bbox 1551 1135 1722 1198; x_wconf 89' lang='lat' dir='ltr'>enim</span> <span class='ocrx_word' id='word_1_74' title='bbox 1772 1135 1892 1198; x_wconf 87' lang='lat' dir='ltr'>deo</span> <span class='ocrx_word' id='word_1_75' title='bbox 1931 1140 2109 1200; x_wconf 70' lang='lat' dir='ltr'>sanct</span> <span class='ocrx_word' id='word_1_76' title='bbox 2117 1156 2177 1196; x_wconf 60' lang='lat' dir='ltr'>o*</span> 
     </span>
     <span class='ocr_line' id='line_1_12' title="bbox 294 1223 2174 1326; baseline 0.001 -40"><span class='ocrx_word' id='word_1_77' title='bbox 294 1243 471 1325; x_wconf 43' lang='lat' dir='ltr'>rum·</span> <span class='ocrx_word' id='word_1_78' title='bbox 502 1242 747 1326; x_wconf 35' lang='lat' dir='ltr'>opem,-</span> <span class='ocrx_word' id='word_1_79' title='bbox 790 1230 1051 1305; x_wconf 77' lang='lat' dir='ltr'>propter</span> <span class='ocrx_word' id='word_1_80' title='bbox 1105 1223 1304 1286; x_wconf 87' lang='lat' dir='ltr'>fidem</span> <span class='ocrx_word' id='word_1_81' title='bbox 1358 1223 1430 1286; x_wconf 91' lang='lat' dir='ltr'>in</span> <span class='ocrx_word' id='word_1_82' title='bbox 1487 1223 1845 1301; x_wconf 78' lang='lat' dir='ltr'>Christum,</span> <span class='ocrx_word' id='word_1_83' title='bbox 1917 1224 2037 1288; x_wconf 74' lang='lat' dir='ltr'>etsi</span> <span class='ocrx_word' id='word_1_84' title='bbox 2105 1224 2174 1288; x_wconf 79' lang='lat' dir='ltr'>il]</span> 
     </span>
     <span class='ocr_line' id='line_1_13' title="bbox 298 1312 2177 1480; baseline 0.001 -18"><span class='ocrx_word' id='word_1_85' title='bbox 298 1312 904 1464; x_wconf 39' lang='lat' dir='ltr'>&#39;spem‹3³1inncliilxiltaudec}⁵</span> <span class='ocrx_word' id='word_1_86' title='bbox 946 1313 1195 1464; x_wconf 40' lang='lat'>3331</span> <span class='ocrx_word' id='word_1_87' title='bbox 1196 1318 1618 1465; x_wconf 43' lang='lat' dir='ltr'>arosrissltcoelo</span> <span class='ocrx_word' id='word_1_88' title='bbox 1685 1401 2029 1480; x_wconf 78' lang='lat' dir='ltr'>venientis,</span> <span class='ocrx_word' id='word_1_89' title='bbox 2105 1424 2177 1464; x_wconf 74' lang='grc'>80</span> 
     </span>
     <span class='ocr_line' id='line_1_14' title="bbox 298 1489 2181 1572; baseline 0 -20"><span class='ocrx_word' id='word_1_90' title='bbox 298 1489 610 1572; x_wconf 85' lang='lat' dir='ltr'>pertinet,</span> <span class='ocrx_word' id='word_1_91' title='bbox 668 1495 743 1552; x_wconf 89' lang='lat' dir='ltr'>ut</span> <span class='ocrx_word' id='word_1_92' title='bbox 787 1494 1034 1553; x_wconf 85' lang='lat' dir='ltr'>statuas</span> <span class='ocrx_word' id='word_1_93' title='bbox 1080 1490 1301 1553; x_wconf 87' lang='lat' dir='ltr'>omnia</span> <span class='ocrx_word' id='word_1_94' title='bbox 1351 1490 1514 1554; x_wconf 90' lang='lat' dir='ltr'>haec</span> <span class='ocrx_word' id='word_1_95' title='bbox 1568 1491 1937 1571; x_wconf 86' lang='lat' dir='ltr'>contingere</span> <span class='ocrx_word' id='word_1_96' title='bbox 1993 1492 2181 1552; x_wconf 70' lang='lat' dir='ltr'>nobis</span> 
     </span>
     <span class='ocr_line' id='line_1_15' title="bbox 300 1578 2181 1660; baseline -0.001 -19"><span class='ocrx_word' id='word_1_97' title='bbox 300 1598 343 1641; x_wconf 88' lang='lat' dir='ltr'>a</span> <span class='ocrx_word' id='word_1_98' title='bbox 394 1578 791 1642; x_wconf 81' lang='lat' dir='ltr'>misericordi</span> <span class='ocrx_word' id='word_1_99' title='bbox 844 1585 1027 1659; x_wconf 88' lang='lat' dir='ltr'>patre</span> <span class='ocrx_word' id='word_1_100' title='bbox 1041 1628 1055 1656; x_wconf 91' lang='lat'>,</span> <span class='ocrx_word' id='word_1_101' title='bbox 1124 1585 1387 1660; x_wconf 90' lang='lat' dir='ltr'>propter</span> <span class='ocrx_word' id='word_1_102' title='bbox 1440 1579 1648 1641; x_wconf 85' lang='lat' dir='ltr'>filium</span> <span class='ocrx_word' id='word_1_103' title='bbox 1707 1579 1791 1642; x_wconf 88' lang='lat' dir='ltr'>ad</span> <span class='ocrx_word' id='word_1_104' title='bbox 1846 1599 1961 1642; x_wconf 84' lang='lat' dir='ltr'>nos</span> <span class='ocrx_word' id='word_1_105' title='bbox 2037 1580 2181 1640; x_wconf 80' lang='lat' dir='ltr'>mis-</span> 
     </span>
     <span class='ocr_line' id='line_1_16' title="bbox 302 1667 2185 1749; baseline -0.001 -19"><span class='ocrx_word' id='word_1_106' title='bbox 302 1687 469 1744; x_wconf 89' lang='lat' dir='ltr'>sum,</span> <span class='ocrx_word' id='word_1_107' title='bbox 517 1688 650 1730; x_wconf 91' lang='lat' dir='ltr'>non</span> <span class='ocrx_word' id='word_1_108' title='bbox 694 1674 955 1749; x_wconf 87' lang='lat' dir='ltr'>propter</span> <span class='ocrx_word' id='word_1_109' title='bbox 1000 1673 1219 1730; x_wconf 88' lang='lat' dir='ltr'>nostra</span> <span class='ocrx_word' id='word_1_110' title='bbox 1262 1668 1510 1744; x_wconf 91' lang='lat' dir='ltr'>merita,</span> <span class='ocrx_word' id='word_1_111' title='bbox 1562 1667 1760 1744; x_wconf 86' lang='lat' dir='ltr'>dona,</span> <span class='ocrx_word' id='word_1_112' title='bbox 1810 1673 1924 1730; x_wconf 88' lang='lat' dir='ltr'>aut</span> <span class='ocrx_word' id='word_1_113' title='bbox 1969 1668 2185 1732; x_wconf 69' lang='lat' dir='ltr'>studia</span> 
     </span>
     <span class='ocr_line' id='line_1_17' title="bbox 303 1756 597 1836; baseline -0.003 -17"><span class='ocrx_word' id='word_1_114' title='bbox 303 1756 541 1836; x_wconf 85' lang='lat' dir='ltr'>aliqua.</span> <span class='ocrx_word' id='word_1_115' title='bbox 592 1777 597 1785; x_wconf 91' lang='lat'>·</span> 
     </span>
    </p>
   </div>
   <div class='ocr_carea' id='block_1_4' title="bbox 301 1928 2201 3610">
    <p class='ocr_par' dir='ltr' id='par_1_4' title="bbox 311 1928 2181 2041">
     <span class='ocr_line' id='line_1_18' title="bbox 311 1928 2181 2041; baseline 0.001 -46"><span class='ocrx_word' id='word_1_116' title='bbox 311 1928 339 1966; x_wconf 74' lang='lat'>³</span> <span class='ocrx_word' id='word_1_117' title='bbox 348 1929 564 2041; x_wconf 84' lang='lat' dir='ltr'>Porro</span> <span class='ocrx_word' id='word_1_118' title='bbox 583 1932 923 1995; x_wconf 90' lang='lat' dir='ltr'>coelestem</span> <span class='ocrx_word' id='word_1_119' title='bbox 937 1933 1115 1996; x_wconf 91' lang='lat' dir='ltr'>hunc</span> <span class='ocrx_word' id='word_1_120' title='bbox 1128 1952 1340 1996; x_wconf 89' lang='lat' dir='ltr'>rorem</span> <span class='ocrx_word' id='word_1_121' title='bbox 1351 1933 1590 2012; x_wconf 83' lang='lat' dir='ltr'>gratiae</span> <span class='ocrx_word' id='word_1_122' title='bbox 1603 1938 1961 2012; x_wconf 84' lang='lat' dir='ltr'>sequuntur</span> <span class='ocrx_word' id='word_1_123' title='bbox 1985 1936 2181 1996; x_wconf 76' lang='lat' dir='ltr'>etiam</span> 
     </span>
    </p>

    <p class='ocr_par' dir='ltr' id='par_1_5' title="bbox 301 2020 2185 2548">
     <span class='ocr_line' id='line_1_19' title="bbox 470 2020 2185 2102; baseline 0 -18"><span class='ocrx_word' id='word_1_124' title='bbox 470 2022 598 2084; x_wconf 88' lang='lat' dir='ltr'>alia</span> <span class='ocrx_word' id='word_1_125' title='bbox 643 2020 842 2098; x_wconf 88' lang='lat' dir='ltr'>dona,</span> <span class='ocrx_word' id='word_1_126' title='bbox 891 2041 1126 2102; x_wconf 89' lang='lat' dir='ltr'>nempe</span> <span class='ocrx_word' id='word_1_127' title='bbox 1143 2071 1157 2099; x_wconf 91' lang='lat'>,</span> <span class='ocrx_word' id='word_1_128' title='bbox 1183 2063 1189 2066; x_wconf 89' lang='lat'><em>-</em></span> <span class='ocrx_word' id='word_1_129' title='bbox 1216 2027 1294 2085; x_wconf 87' lang='lat' dir='ltr'>ut</span> <span class='ocrx_word' id='word_1_130' title='bbox 1337 2020 1600 2084; x_wconf 89' lang='lat' dir='ltr'>ecclesia</span> <span class='ocrx_word' id='word_1_131' title='bbox 1639 2027 1949 2100; x_wconf 88' lang='lat' dir='ltr'>tanquam</span> <span class='ocrx_word' id='word_1_132' title='bbox 2001 2024 2185 2084; x_wconf 70' lang='lat' dir='ltr'>arbor</span> 
     </span>
     <span class='ocr_line' id='line_1_20' title="bbox 301 2109 2185 2181; baseline -0.001 -7"><span class='ocrx_word' id='word_1_133' title='bbox 301 2111 539 2174; x_wconf 90' lang='lat' dir='ltr'>Libani</span> <span class='ocrx_word' id='word_1_134' title='bbox 573 2109 775 2174; x_wconf 89' lang='lat' dir='ltr'>firmis</span> <span class='ocrx_word' id='word_1_135' title='bbox 806 2111 1129 2175; x_wconf 81' lang='lat' dir='ltr'>radicibus</span> <span class='ocrx_word' id='word_1_136' title='bbox 1159 2113 1440 2174; x_wconf 84' lang='lat' dir='ltr'>haereat.</span> <span class='ocrx_word' id='word_1_137' title='bbox 1511 2111 1936 2181; x_wconf 55' lang='lat' dir='ltr'>Habetssenim</span> <span class='ocrx_word' id='word_1_138' title='bbox 1965 2113 2185 2173; x_wconf 68' lang='lat' dir='ltr'>hostes</span> 
     </span>
     <span class='ocr_line' id='line_1_21' title="bbox 301 2199 2181 2281; baseline -0.001 -18"><span class='ocrx_word' id='word_1_139' title='bbox 301 2199 627 2263; x_wconf 89' lang='lat' dir='ltr'>mundum</span> <span class='ocrx_word' id='word_1_140' title='bbox 672 2206 737 2262; x_wconf 94' lang='lat' dir='ltr'>et</span> <span class='ocrx_word' id='word_1_141' title='bbox 767 2199 1091 2277; x_wconf 85' lang='lat' dir='ltr'>Satanam,</span> <span class='ocrx_word' id='word_1_142' title='bbox 1141 2200 1255 2280; x_wconf 89' lang='lat' dir='ltr'>qui</span> <span class='ocrx_word' id='word_1_143' title='bbox 1301 2199 1557 2263; x_wconf 89' lang='lat' dir='ltr'>assidue</span> <span class='ocrx_word' id='word_1_144' title='bbox 1596 2218 1740 2262; x_wconf 92' lang='lat' dir='ltr'>eam</span> <span class='ocrx_word' id='word_1_145' title='bbox 1785 2209 2181 2281; x_wconf 67' lang='lat' dir='ltr'>oppugnant,</span> 
     </span>
     <span class='ocr_line' id='line_1_22' title="bbox 304 2289 2185 2369; baseline -0.003 -17"><span class='ocrx_word' id='word_1_146' title='bbox 304 2290 475 2363; x_wconf 82' lang='lat' dir='ltr'>Quia</span> <span class='ocrx_word' id='word_1_147' title='bbox 518 2294 735 2351; x_wconf 89' lang='lat' dir='ltr'>autem</span> <span class='ocrx_word' id='word_1_148' title='bbox 780 2294 879 2351; x_wconf 86' lang='lat' dir='ltr'>est</span> <span class='ocrx_word' id='word_1_149' title='bbox 922 2289 1257 2352; x_wconf 89' lang='lat' dir='ltr'>aedificata</span> <span class='ocrx_word' id='word_1_150' title='bbox 1307 2308 1500 2369; x_wconf 85' lang='lat' dir='ltr'>super</span> <span class='ocrx_word' id='word_1_151' title='bbox 1541 2295 1793 2369; x_wconf 87' lang='lat' dir='ltr'>petram</span> <span class='ocrx_word' id='word_1_152' title='bbox 1840 2289 2185 2365; x_wconf 69' lang='lat' dir='ltr'>Christum,</span> 
     </span>
     <span class='ocr_line' id='line_1_23' title="bbox 302 2376 2185 2458; baseline -0.003 -17"><span class='ocrx_word' id='word_1_153' title='bbox 302 2398 387 2441; x_wconf 91' lang='lat' dir='ltr'>ne</span> <span class='ocrx_word' id='word_1_154' title='bbox 435 2376 700 2458; x_wconf 90' lang='lat' dir='ltr'>quidem</span> <span class='ocrx_word' id='word_1_155' title='bbox 730 2377 1085 2441; x_wconf 81' lang='lat' dir='ltr'>inferorum</span> <span class='ocrx_word' id='word_1_156' title='bbox 1130 2383 1353 2458; x_wconf 88' lang='lat' dir='ltr'>portae</span> <span class='ocrx_word' id='word_1_157' title='bbox 1397 2397 1542 2441; x_wconf 91' lang='lat' dir='ltr'>eam</span> <span class='ocrx_word' id='word_1_158' title='bbox 1571 2378 1824 2441; x_wconf 85' lang='lat' dir='ltr'>vincere</span> <span class='ocrx_word' id='word_1_159' title='bbox 1871 2385 1981 2441; x_wconf 84' lang='lat' dir='ltr'>aut</span> <span class='ocrx_word' id='word_1_160' title='bbox 2021 2397 2185 2441; x_wconf 62' lang='lat' dir='ltr'>ever-</span> 
     </span>
     <span class='ocr_line' id='line_1_24' title="bbox 302 2471 774 2548; baseline -0.006 -17"><span class='ocrx_word' id='word_1_161' title='bbox 302 2473 438 2531; x_wconf 85' lang='lat' dir='ltr'>tere</span> <span class='ocrx_word' id='word_1_162' title='bbox 478 2471 774 2548; x_wconf 86' lang='lat' dir='ltr'>possunt.</span> 
     </span>
    </p>

    <p class='ocr_par' dir='ltr' id='par_1_6' title="bbox 303 2553 2193 3079">
     <span class='ocr_line' id='line_1_25' title="bbox 487 2553 2189 2634; baseline -0.001 -17"><span class='ocrx_word' id='word_1_163' title='bbox 487 2554 776 2618; x_wconf 88' lang='lat' dir='ltr'>Tertium</span> <span class='ocrx_word' id='word_1_164' title='bbox 820 2553 1066 2617; x_wconf 90' lang='lat' dir='ltr'>donum</span> <span class='ocrx_word' id='word_1_165' title='bbox 1114 2560 1211 2618; x_wconf 90' lang='lat' dir='ltr'>est</span> <span class='ocrx_word' id='word_1_166' title='bbox 1229 2605 1242 2631; x_wconf 93' lang='lat'>‚</span> <span class='ocrx_word' id='word_1_167' title='bbox 1305 2554 1480 2634; x_wconf 92' lang='lat' dir='ltr'>quod</span> <span class='ocrx_word' id='word_1_168' title='bbox 1526 2553 1981 2617; x_wconf 80' lang='lat' dir='ltr'>diffunduntur</span> <span class='ocrx_word' id='word_1_169' title='bbox 2025 2557 2189 2617; x_wconf 72' lang='lat' dir='ltr'>rami</span> 
     </span>
     <span class='ocr_line' id='line_1_26' title="bbox 303 2643 2193 2725; baseline -0.001 -18"><span class='ocrx_word' id='word_1_170' title='bbox 303 2644 466 2720; x_wconf 87' lang='lat' dir='ltr'>eius,</span> <span class='ocrx_word' id='word_1_171' title='bbox 513 2644 637 2706; x_wconf 88' lang='lat' dir='ltr'>hoc</span> <span class='ocrx_word' id='word_1_172' title='bbox 682 2649 797 2720; x_wconf 89' lang='lat' dir='ltr'>est,</span> <span class='ocrx_word' id='word_1_173' title='bbox 857 2663 992 2706; x_wconf 91' lang='lat' dir='ltr'>non</span> <span class='ocrx_word' id='word_1_174' title='bbox 1038 2643 1247 2706; x_wconf 91' lang='lat' dir='ltr'>solum</span> <span class='ocrx_word' id='word_1_175' title='bbox 1293 2664 1428 2706; x_wconf 90' lang='lat' dir='ltr'>non</span> <span class='ocrx_word' id='word_1_176' title='bbox 1473 2648 1686 2725; x_wconf 87' lang='lat' dir='ltr'>potest</span> <span class='ocrx_word' id='word_1_177' title='bbox 1730 2644 2025 2725; x_wconf 78' lang='lat' dir='ltr'>opprimi,</span> <span class='ocrx_word' id='word_1_178' title='bbox 2081 2645 2193 2705; x_wconf 77' lang='lat' dir='ltr'>ssd</span> 
     </span>
     <span class='ocr_line' id='line_1_27' title="bbox 307 2731 2191 2813; baseline -0.001 -18"><span class='ocrx_word' id='word_1_179' title='bbox 307 2733 505 2796; x_wconf 88' lang='lat' dir='ltr'>etiam</span> <span class='ocrx_word' id='word_1_180' title='bbox 558 2732 630 2793; x_wconf 91' lang='lat' dir='ltr'>in</span> <span class='ocrx_word' id='word_1_181' title='bbox 685 2731 845 2812; x_wconf 88' lang='lat' dir='ltr'>ipsis</span> <span class='ocrx_word' id='word_1_182' title='bbox 899 2732 1201 2813; x_wconf 89' lang='lat' dir='ltr'>periculis</span> <span class='ocrx_word' id='word_1_183' title='bbox 1258 2733 1658 2796; x_wconf 89' lang='lat' dir='ltr'>incrementa</span> <span class='ocrx_word' id='word_1_184' title='bbox 1716 2733 1931 2796; x_wconf 90' lang='lat' dir='ltr'>sumit.</span> <span class='ocrx_word' id='word_1_185' title='bbox 2025 2733 2191 2793; x_wconf 74' lang='lat' dir='ltr'>Nam</span> 
     </span>
     <span class='ocr_line' id='line_1_28' title="bbox 304 2820 2193 2902; baseline -0.002 -18"><span class='ocrx_word' id='word_1_186' title='bbox 304 2825 375 2884; x_wconf 88' lang='lat' dir='ltr'>et</span> <span class='ocrx_word' id='word_1_187' title='bbox 434 2821 689 2900; x_wconf 84' lang='lat' dir='ltr'>singula</span> <span class='ocrx_word' id='word_1_188' title='bbox 742 2820 1005 2883; x_wconf 88' lang='lat' dir='ltr'>ecclesia</span> <span class='ocrx_word' id='word_1_189' title='bbox 1072 2822 1366 2884; x_wconf 89' lang='lat' dir='ltr'>membra</span> <span class='ocrx_word' id='word_1_190' title='bbox 1419 2821 1705 2902; x_wconf 87' lang='lat' dir='ltr'>quotidie</span> <span class='ocrx_word' id='word_1_191' title='bbox 1774 2829 2065 2883; x_wconf 78' lang='lat' dir='ltr'>crescunt</span> <span class='ocrx_word' id='word_1_192' title='bbox 2121 2821 2193 2881; x_wconf 79' lang='lat' dir='ltr'>in</span> 
     </span>
     <span class='ocr_line' id='line_1_29' title="bbox 310 2908 2193 2990; baseline -0.002 -18"><span class='ocrx_word' id='word_1_193' title='bbox 310 2910 637 2990; x_wconf 86' lang='lat' dir='ltr'>agnitione</span> <span class='ocrx_word' id='word_1_194' title='bbox 683 2909 808 2986; x_wconf 91' lang='lat' dir='ltr'>dei,</span> <span class='ocrx_word' id='word_1_195' title='bbox 869 2915 934 2972; x_wconf 89' lang='lat' dir='ltr'>et</span> <span class='ocrx_word' id='word_1_196' title='bbox 977 2908 1119 2972; x_wconf 84' lang='lat' dir='ltr'>aliis</span> <span class='ocrx_word' id='word_1_197' title='bbox 1164 2909 1424 2990; x_wconf 88' lang='lat' dir='ltr'>pietatis</span> <span class='ocrx_word' id='word_1_198' title='bbox 1472 2908 1808 2984; x_wconf 77' lang='lat' dir='ltr'>exercitiiS,</span> <span class='ocrx_word' id='word_1_199' title='bbox 1867 2914 1932 2971; x_wconf 87' lang='lat' dir='ltr'>et</span> <span class='ocrx_word' id='word_1_200' title='bbox 1973 2909 2193 2989; x_wconf 80' lang='lat' dir='ltr'>ipsum</span> 
     </span>
     <span class='ocr_line' id='line_1_30' title="bbox 310 2997 1663 3079; baseline -0.001 -18"><span class='ocrx_word' id='word_1_201' title='bbox 310 2999 612 3061; x_wconf 90' lang='lat' dir='ltr'>ecclesiae</span> <span class='ocrx_word' id='word_1_202' title='bbox 660 3017 892 3079; x_wconf 89' lang='lat' dir='ltr'>corpus</span> <span class='ocrx_word' id='word_1_203' title='bbox 939 2997 1227 3077; x_wconf 89' lang='lat' dir='ltr'>quotidie</span> <span class='ocrx_word' id='word_1_204' title='bbox 1273 2998 1350 3061; x_wconf 89' lang='lat' dir='ltr'>fit</span> <span class='ocrx_word' id='word_1_205' title='bbox 1394 2999 1663 3060; x_wconf 88' lang='lat' dir='ltr'>auctius.</span> 
     </span>
    </p>

    <p class='ocr_par' dir='ltr' id='par_1_7' title="bbox 310 3085 2201 3610">
     <span class='ocr_line' id='line_1_31' title="bbox 491 3085 2201 3167; baseline -0.003 -17"><span class='ocrx_word' id='word_1_206' title='bbox 491 3087 809 3160; x_wconf 83' lang='lat' dir='ltr'>Quartum</span> <span class='ocrx_word' id='word_1_207' title='bbox 855 3091 971 3163; x_wconf 85' lang='lat' dir='ltr'>est,</span> <span class='ocrx_word' id='word_1_208' title='bbox 1021 3087 1200 3167; x_wconf 90' lang='lat' dir='ltr'>quod</span> <span class='ocrx_word' id='word_1_209' title='bbox 1246 3087 1515 3149; x_wconf 90' lang='lat' dir='ltr'>ecclesia</span> <span class='ocrx_word' id='word_1_210' title='bbox 1558 3087 1724 3149; x_wconf 90' lang='lat' dir='ltr'>sicut</span> <span class='ocrx_word' id='word_1_211' title='bbox 1757 3086 1896 3148; x_wconf 88' lang='lat' dir='ltr'>olea</span> <span class='ocrx_word' id='word_1_212' title='bbox 1925 3085 2201 3166; x_wconf 67' lang='lat' dir='ltr'>pulehra</span> 
     </span>
     <span class='ocr_line' id='line_1_32' title="bbox 311 3173 2193 3252; baseline -0.003 -13"><span class='ocrx_word' id='word_1_213' title='bbox 311 3181 411 3239; x_wconf 89' lang='lat' dir='ltr'>est</span> <span class='ocrx_word' id='word_1_214' title='bbox 424 3224 438 3252; x_wconf 95' lang='lat'>,</span> <span class='ocrx_word' id='word_1_215' title='bbox 489 3181 555 3237; x_wconf 88' lang='lat' dir='ltr'>et</span> <span class='ocrx_word' id='word_1_216' title='bbox 600 3176 765 3238; x_wconf 82' lang='lat' dir='ltr'>sicut</span> <span class='ocrx_word' id='word_1_217' title='bbox 818 3195 1007 3238; x_wconf 90' lang='lat' dir='ltr'>mons</span> <span class='ocrx_word' id='word_1_218' title='bbox 1052 3175 1338 3238; x_wconf 88' lang='lat' dir='ltr'>Libanus</span> <span class='ocrx_word' id='word_1_219' title='bbox 1382 3176 1510 3238; x_wconf 89' lang='lat' dir='ltr'>late</span> <span class='ocrx_word' id='word_1_220' title='bbox 1557 3173 1867 3237; x_wconf 88' lang='lat' dir='ltr'>diffundit</span> <span class='ocrx_word' id='word_1_221' title='bbox 1910 3173 2193 3237; x_wconf 67' lang='lat' dir='ltr'>odorem.</span> 
     </span>
     <span class='ocr_line' id='line_1_33' title="bbox 310 3261 2193 3344; baseline -0.001 -18"><span class='ocrx_word' id='word_1_222' title='bbox 310 3265 491 3326; x_wconf 90' lang='lat' dir='ltr'>Haec</span> <span class='ocrx_word' id='word_1_223' title='bbox 538 3263 930 3328; x_wconf 88' lang='lat' dir='ltr'>conveniunt</span> <span class='ocrx_word' id='word_1_224' title='bbox 975 3283 1125 3327; x_wconf 90' lang='lat' dir='ltr'>cum</span> <span class='ocrx_word' id='word_1_225' title='bbox 1171 3284 1245 3326; x_wconf 93' lang='grc'>00</span> <span class='ocrx_word' id='word_1_226' title='bbox 1265 3314 1279 3340; x_wconf 86' lang='grc'><em>,</em></span> <span class='ocrx_word' id='word_1_227' title='bbox 1330 3263 1504 3344; x_wconf 90' lang='lat' dir='ltr'>quod</span> <span class='ocrx_word' id='word_1_228' title='bbox 1551 3282 1747 3344; x_wconf 85' lang='lat' dir='ltr'>supra</span> <span class='ocrx_word' id='word_1_229' title='bbox 1790 3262 1870 3325; x_wconf 92' lang='lat' dir='ltr'>de</span> <span class='ocrx_word' id='word_1_230' title='bbox 1915 3282 2057 3325; x_wconf 68' lang='lat' dir='ltr'>rusa</span> <span class='ocrx_word' id='word_1_231' title='bbox 2105 3261 2193 3325; x_wconf 84' lang='lat' dir='ltr'>di-</span> 
     </span>
     <span class='ocr_line' id='line_1_34' title="bbox 311 3351 2197 3433; baseline -0.001 -19"><span class='ocrx_word' id='word_1_232' title='bbox 311 3352 549 3429; x_wconf 86' lang='lat' dir='ltr'>ximus,</span> <span class='ocrx_word' id='word_1_233' title='bbox 582 3352 712 3415; x_wconf 89' lang='lat' dir='ltr'>nisi</span> <span class='ocrx_word' id='word_1_234' title='bbox 742 3352 918 3432; x_wconf 88' lang='lat' dir='ltr'>quod</span> <span class='ocrx_word' id='word_1_235' title='bbox 947 3352 1055 3414; x_wconf 91' lang='lat' dir='ltr'>hic</span> <span class='ocrx_word' id='word_1_236' title='bbox 1086 3371 1343 3433; x_wconf 89' lang='lat' dir='ltr'>quoque</span> <span class='ocrx_word' id='word_1_237' title='bbox 1374 3353 1846 3415; x_wconf 88' lang='lat' dir='ltr'>incrementum</span> <span class='ocrx_word' id='word_1_238' title='bbox 1876 3351 2197 3413; x_wconf 71' lang='lat' dir='ltr'>donorum</span> 
     </span>
     <span class='ocr_line' id='line_1_35' title="bbox 313 3440 2194 3521; baseline -0.002 -17"><span class='ocrx_word' id='word_1_239' title='bbox 313 3441 726 3521; x_wconf 85' lang='lat' dir='ltr'>significatur,</span> <span class='ocrx_word' id='word_1_240' title='bbox 775 3461 929 3503; x_wconf 90' lang='lat' dir='ltr'>nam</span> <span class='ocrx_word' id='word_1_241' title='bbox 975 3442 1116 3504; x_wconf 89' lang='lat' dir='ltr'>olea</span> <span class='ocrx_word' id='word_1_242' title='bbox 1157 3440 1663 3504; x_wconf 85' lang='lat' dir='ltr'>foecundissima</span> <span class='ocrx_word' id='word_1_243' title='bbox 1706 3444 1821 3516; x_wconf 88' lang='lat' dir='ltr'>est,</span> <span class='ocrx_word' id='word_1_244' title='bbox 1870 3446 1935 3503; x_wconf 91' lang='lat' dir='ltr'>et</span> <span class='ocrx_word' id='word_1_245' title='bbox 1965 3441 2194 3501; x_wconf 70' lang='lat' dir='ltr'>Libani</span> 
     </span>
     <span class='ocr_line' id='line_1_36' title="bbox 313 3526 1965 3610; baseline -0.001 -19"><span class='ocrx_word' id='word_1_246' title='bbox 313 3530 610 3593; x_wconf 84' lang='lat' dir='ltr'>fertilitas</span> <span class='ocrx_word' id='word_1_247' title='bbox 657 3530 854 3593; x_wconf 89' lang='lat' dir='ltr'>etiam</span> <span class='ocrx_word' id='word_1_248' title='bbox 900 3526 981 3591; x_wconf 70' lang='grc'>011</span> <span class='ocrx_word' id='word_1_249' title='bbox 1026 3530 1365 3610; x_wconf 80' lang='lat' dir='ltr'>gentilium</span> <span class='ocrx_word' id='word_1_250' title='bbox 1407 3530 1608 3593; x_wconf 89' lang='lat' dir='ltr'>literis</span> <span class='ocrx_word' id='word_1_251' title='bbox 1655 3533 1752 3592; x_wconf 91' lang='lat' dir='ltr'>est</span> <span class='ocrx_word' id='word_1_252' title='bbox 1796 3533 1965 3592; x_wconf 89' lang='lat' dir='ltr'>nota.</span> 
     </span>
    </p>
   </div>
   <div class='ocr_carea' id='block_1_5' title="bbox 312 3653 744 3663">
    <p class='ocr_par' dir='ltr' id='par_1_8' title="bbox 312 3653 744 3663">
     <span class='ocr_line' id='line_1_37' title="bbox 312 3653 744 3663; baseline 0 0"><span class='ocrx_word' id='word_1_253' title='bbox 312 3653 744 3663; x_wconf 95' lang='lat' dir='ltr'> </span> 
     </span>
    </p>
   </div>
   <div class='ocr_carea' id='block_1_6' title="bbox 496 3719 1744 3797">
    <p class='ocr_par' dir='ltr' id='par_1_9' title="bbox 496 3719 1744 3797">
     <span class='ocr_line' id='line_1_38' title="bbox 496 3719 1744 3797; baseline -0.001 -22"><span class='ocrx_word' id='word_1_254' title='bbox 496 3721 552 3792; x_wconf 89' lang='lat'>1)</span> <span class='ocrx_word' id='word_1_255' title='bbox 590 3722 759 3777; x_wconf 85' lang='lat' dir='ltr'>Rosa.</span> <span class='ocrx_word' id='word_1_256' title='bbox 834 3720 891 3789; x_wconf 83' lang='lat'>2)</span> <span class='ocrx_word' id='word_1_257' title='bbox 930 3721 1063 3797; x_wconf 77' lang='lat' dir='ltr'>Ros.</span> <span class='ocrx_word' id='word_1_258' title='bbox 1137 3719 1194 3788; x_wconf 83' lang='lat'>3)</span> <span class='ocrx_word' id='word_1_259' title='bbox 1234 3722 1484 3777; x_wconf 87' lang='lat' dir='ltr'>Arbores</span> <span class='ocrx_word' id='word_1_260' title='bbox 1520 3721 1744 3775; x_wconf 87' lang='lat' dir='ltr'>Libani.</span> 
     </span>
    </p>
   </div>
  </div>
 </body>
</html>
