2575 4225
203 267 266 329 246
520 266 624 347 Caput
647 263 824 329 secundum

201 446 249 508 sia
272 466 338 508 non
359 449 465 525 potest
480 444 593 521 facere,
618 444 837 507 accenduntur
853 442 927 505 odia
943 441 1141 506 adversariae

201 536 311 615 partis,
336 540 368 596 et
390 533 568 595 decurritur
590 534 632 595 ad
655 534 722 597 vim
745 539 778 595 01
800 552 898 595 arma.

290 622 355 684 Hic
388 622 573 685 meminisse
607 622 774 685 ecclesiam
809 621 900 685 decet
933 621 1017 697 eius,
1053 620 1142 699 quod

202 731 300 792 supra
322 711 445 773 dictum
469 717 526 787 001,
552 710 640 791 quod
663 710 783 774 00111001
804 710 840 773 in
862 710 979 773 vallem
993 710 1100 772 thor
1124 728 1143 771 a

202 806 329 881 pastore
352 806 460 863 nostro
476 800 602 863 Christo
620 799 819 875 deducimur,
845 799 971 875 sedita,
995 804 1032 861 ut
1047 798 1142 860 nobis

202 909 275 969 spes
298 889 468 970 aperiatur.
513 888 683 952 Habemus
706 889 795 951 enim
818 888 1006 968 magnificas
1034 906 1141 949 conso·
1238 922 1243 935 ·
1281 862 1283 893 ¹

201 978 351 1053 ledones,
383 997 466 1057 quae
489 998 548 1040 nos
571 998 637 1040 non
660 978 829 1058 patiuntur
855 983 974 1053 tacere,
1006 976 1064 1041 scd
1094 995 1142 1038 oo·

202 1073 284 1146 gunt
307 1066 349 1129 ad
364 1066 599 1130 confessionem
614 1073 647 1129 et
662 1066 833 1141 canticum,
858 1066 984 1129 etiamsi
999 1063 1143 1127 mundus

202 1176 330 1218 summa
357 1156 390 1219 vi
419 1176 454 1217 se
484 1161 641 1237 opponat,
672 1161 704 1218 et
732 1175 790 1217 nos
819 1154 916 1218 variis
943 1154 1070 1217 iniuriis
1101 1152 1144 1215 ad

202 1246 384 1325 lachrymas
408 1249 508 1324 cogat

292 1334 371 1406 Quis
402 1334 489 1395 enim
521 1353 587 1396 non
616 1339 724 1396 sumat
750 1332 914 1409 animum,
950 1351 1025 1394 cum
1052 1330 1146 1393 audit

204 1422 368 1486 Christum
310 1441 457 1484 umnos
484 1440 614 1502 quoque
640 1440 748 1484 coram
777 1442 821 1503 pa
820 1426 868 1484 tre
899 1422 935 1483 in
969 1420 1145 1483 novissimo

203 1510 255 1571 die
279 1516 311 1573 et
339 1510 476 1573 aliavit
462 1510 757 1587 taoonfessurum,
790 1510 874 1574 sicut
904 1530 979 1573 eum
1006 1508 1147 1572 confessi

204 1618 317 1661 sumus
340 1598 375 1660 in
397 1584 459 1661 hac
481 1599 556 1662 vita
603 1600 684 1673 Quis
708 1616 780 1663 non
797 1599 895 1661 etiam
925 1618 1000 1661 oum
1027 1597 1146 1677 gaudio

203 1695 341 1749 mortem
364 1689 492 1763 subeat,
524 1708 598 1750 cum
622 1688 714 1751 audit
700 1689 928 1751 tinvcnturos
959 1707 1018 1750 nos
1047 1685 1147 1748 aliam

204 1783 237 1840 et
258 1777 425 1840 meliorem
447 1778 566 1853 vitam,
598 1777 728 1856 quando
750 1778 836 1839 hano
862 1776 1083 1839 calamitosam
1114 1781 1147 1838 01

204 1867 333 1929 brevem
355 1871 486 1947 propter
501 1866 665 1927 Christum
687 1864 921 1929 abiecerimus?
943 1866 1033 1927 Haec
1048 1863 1147 1944 igitur

204 1972 301 2017 causa
334 1960 396 2031 001,
435 1973 493 2017 0111
527 1954 660 2016 ecclesia
693 1959 797 2016 tacere
831 1975 897 2017 non
931 1954 1047 2035 possit,
1088 1951 1146 2015 sed

205 2044 315 2105 omnia
336 2049 510 2125 personent
533 2043 664 2105 vocibus
687 2042 863 2122 iustorum,
897 2043 1015 2123 quibus
1038 2048 1071 2105 01
1093 2041 1146 2103 be·

206 2133 358 2194 ncficium
382 2132 500 2195 Christi
522 2132 710 2212 praedicant
737 2138 769 2194 et
796 2133 953 2196 damnant
981 2131 1145 2205 fiduciam,

205 2240 288 2300 quae
316 2225 406 2282 extra
422 2220 541 2283 Christ
527 2226 598 2283 tum
629 2221 798 2301 ponitur'
789 2241 825 2283 1n
851 2223 956 2301 legem
982 2239 1039 2283 seu
1064 2218 1146 2300 legis

205 2329 303 2390 opera
331 2316 363 2372 et
390 2309 562 2372 hominnm
591 2310 714 2372 merita.
762 2309 922 2390 Coniungi
949 2309 1037 2372 enim
1066 2309 1148 2370 haec

205 2398 334 2474 debent,
358 2405 395 2462 ut
417 2419 484 2461 non
507 2399 555 2460 sol
555 2419 612 2460 um
635 2398 749 2461 doceas
773 2417 855 2478 quae
877 2419 952 2462 vera
974 2396 1148 2472 suntsed

204 2488 304 2549 etiam
327 2507 410 2567 quae
433 2488 515 2550 falsa
538 2494 624 2563 sunt,
648 2488 872 2568 reprehendas,
896 2486 988 2549 nein
1007 2505 1149 2548 01101οι11

205 2575 402 2639 inducantur
425 2575 646 2657 simpliciores.

275 2676 285 2703 “·
300 2659 369 2726 1Sic
392 2666 535 2744 psalmus
562 2667 634 2728 118.
659 2685 757 2745 quem
781 2685 878 2746 supra
900 2663 1086 2739 citavimus,
1110 2663 1147 2724 li-

206 2752 282 2812 bere
305 2752 511 2816 concionatur
534 2753 574 2815 (10
590 2760 724 2835 peccato
736 2753 985 2829 aedificantium,
1008 2752 1070 2815 hoc
1086 2757 1147 2828 001,

207 2839 374 2903 doctorum
396 2841 432 2902 in
454 2843 584 2923 populo,
609 2843 666 2922 qui
683 2843 875 2922 angularem
897 2841 1040 2922 lapidem
1062 2839 1148 2903 abie-

206 2929 291 2992 cturi
314 2936 413 3006 erant,
438 2935 471 2993 01
492 2931 652 3011 propheta
673 2931 739 2993 iam
762 2931 929 3011 subiungit
951 2930 992 2992 (10
1009 2929 1150 2992 nomini-

206 3019 269 3081 hus
291 3019 415 3080 Baalim
437 3019 596 3095 tollendis,
621 3024 732 3081 contra
754 3025 936 3082 nostrorum
954 3017 1152 3100 sapientulo-

207 3126 280 3168 rum
303 3108 498 3186 opinionem,
523 3108 581 3187 qui
603 3108 650 3170 sic
673 3108 875 3188 evangelium
897 3107 1079 3170 docendum
1096 3126 1151 3168 ex·

207 3194 369 3271 istimant,
399 3201 437 3258 ut
460 3216 622 3276 nusquam
644 3195 805 3277 pontificis
833 3202 866 3260 et
893 3195 1154 3259 adversariorum

208 3283 366 3363 evangelii
387 3285 587 3348 mentionem
610 3285 717 3347 facias.
764 3287 834 3348 Hos
860 3285 972 3347 molles
1001 3284 1154 3348 doctores

207 3372 428 3452 relinquamus
451 3374 548 3449 aulis,
572 3373 705 3436 ecclesia
727 3380 836 3437 autem
857 3375 957 3436 libere
979 3373 1142 3454 reprehen

208 3460 265 3522 dat
288 3479 370 3541 quae
386 3480 482 3525 sanae
498 3461 660 3525 doctrinae
677 3461 894 3539 adversantur,
918 3463 980 3524 hoc
996 3461 1150 3526 0111111001

208 3554 293 3611 recte
315 3550 448 3614 domino
471 3571 592 3614 cancre.

300 3741 327 3808 1)
345 3743 420 3796 Psal.
439 3740 500 3795 118.
