2575 4225
205 284 268 357 252
506 282 626 369 ‘Caput
648 280 826 345 secundum

202 463 317 526 bemus
340 479 415 540 erga
442 458 540 523 deum
570 465 630 522 etc.
677 448 720 521 Et
741 456 853 521 Esaias
880 475 926 519 oa.
952 449 1046 517 32}-
1075 455 1147 518 Erit

202 570 284 632 opus
312 548 459 613 iusticiae
487 567 566 630 pax,
598 553 734 630 etopus
757 544 903 609 iusticias
926 544 1146 625 tranquillitas

203 646 236 703 et
258 638 411 702 securitas
432 637 595 717 usquein
617 636 778 711 seculum,
803 640 836 698 et
857 632 983 698 sedebit
1004 634 1146 717 populus

202 747 295 791 meus
316 727 353 789 in
367 725 551 789 habitaculo
571 725 678 808 pacis,
702 730 735 787 et
756 724 792 787 in
813 722 1036 787 mansionibus
1059 742 1145 787 secu-

202 817 256 893 ris,
283 821 380 896 atque
401 815 437 877 in
458 814 631 894 refrigeriis
654 812 834 877 tutissimis.

292 903 439 969 Profecto
480 922 608 966 summa
638 908 671 966 et
708 902 845 967 aeternis
879 892 1073 965 cruciatibus
1108 920 1146 965 ac

203 993 345 1057 flammis
382 992 480 1072 digna
515 990 713 1072 ingratitudo
751 996 814 1067 est,
857 990 886 1053 si
913 996 991 1053 tam
1023 988 1148 1069 magni-

204 1082 280 1147 ficas
302 1082 532 1165 promissiones
552 1080 756 1161 negligimus,
780 1085 813 1142 11
832 1079 963 1143 interim
982 1076 1150 1145 ¹sectamur
1202 1074 1205 1079 ’
1251 1066 1256 1077 ’

203 1191 303 1236 vanas
332 1189 406 1253 spes
440 1176 473 1233 et
500 1189 552 1233 res
580 1164 726 1255 mundi*
777 1168 850 1230 Non
879 1169 968 1231 enim
995 1166 1149 1249 gaudere,

204 1281 271 1324 non
285 1259 485 1341 triumphare
499 1278 559 1321 nos
573 1256 750 1339 oportebat,
767 1256 855 1337 quod
869 1257 1027 1320 habemus
1042 1256 1150 1317 filium
1164 1270 1167 1273 ·

204 1349 266 1425 dei,
290 1349 414 1411 factum
428 1347 595 1411 victimam
616 1346 830 1430 propeccatis
853 1345 980 1429 nostris,
1003 1350 1036 1407 et
1058 1363 1150 1409 nunc

206 1437 374 1501 sedentem
397 1435 439 1497 ad
460 1435 627 1501 dexteram
649 1435 759 1517 patris,
783 1440 821 1518 ut
843 1434 954 1497 omnia
975 1434 1069 1497 nobis
1092 1453 1148 1515 pa·

206 1532 277 1589 cata
299 1532 465 1591 etsecura
479 1523 554 1601 sint,
577 1524 756 1588 nitentibus
771 1523 842 1586 eius
864 1543 924 1605 ope
948 1529 981 1587 et
1002 1521 1151 1585 auxilio?
1197 1525 1201 1529 ’

206 1614 294 1689 Quid
322 1613 410 1677 enim
438 1612 627 1677 conturbare
655 1612 801 1675 animum
832 1612 966 1693 poterit,
1006 1631 1082 1674 oum
1116 1616 1152 1673 et

206 1708 338 1786 peccata
359 1702 494 1767 remissa
515 1708 601 1779 sunt,
622 1707 662 1766 ,11
676 1701 737 1769 *hic
760 1700 854 1764 nobis
885 1701 953 1771 dux
974 1705 1008 1763 et
1036 1699 1150 1781 guber-

210 1797 303 1855 nator
326 1792 483 1872 contigit?
528 1790 615 1865 Quid
638 1790 757 1873 poterit
777 1808 1049 1871 nossepararea
1071 1787 1150 1871 dile·

207 1882 313 1945 ctione
329 1879 391 1957 dei,
416 1881 554 1961 quinon
569 1880 714 1962 pepercit
728 1878 794 1941 filio
812 1894 881 1965 suo,
904 1876 967 1957 sed
977 1898 1037 1963 pro
1051 1876 1149 1940 nobis

208 1970 359 2034 omnibus
380 1962 645 2033 111111111111111112
695 1964 758 2031 Sed
773 1968 878 2050 verbis
899 1968 980 2031 hacc
995 1966 1151 2047 explicari

208 2080 275 2124 non
308 2063 453 2140 possunt.
522 2056 565 2122 Et
600 2056 759 2141 propheta
791 2075 878 2120 nunc
916 2071 1046 2125 causam
1080 2061 1152 2120 tam

208 2147 369 2211 iucundae
392 2147 569 2231 securitatis
592 2145 750 2212 ostendet.

210 2320 391 2436 Gruterum
419 2342 549 2387 monere
577 2309 632 2385 hic
668 2325 820 2386 lectorem
851 2342 978 2387 neccsse
1011 2328 1073 2399 est,
1112 2329 1154 2388 ut
1282 2337 1286 2416 j

239 2449 243 2456 -
268 2413 363 2490 sciat,
382 2413 422 2474 in
443 2432 541 2492 regno
565 2411 700 2489 Christi,
725 2431 782 2476 seu
804 2412 902 2476 verbo
925 2418 957 2475 et
978 2411 1042 2474 fide
1063 2411 1153 2474 hanc
1285 2435 1286 2446 ¹

210 2503 414 2567 securitatem
450 2521 533 2577 1111,
576 2521 654 2563 nam
684 2501 712 2562 si
747 2501 898 2582 respicias
933 2499 974 2563 ad
995 2519 1152 2580 regnum

133 2612 136 2620 ·
209 2591 339 2666 mundi,
368 2590 479 2654 omnia
506 2590 554 2652 ibi
576 2589 746 2666 bellorum,
770 2589 976 2666 iniuriarum,
1001 2587 1154 2652 caedium

210 2678 355 2742 invenies
378 2677 575 2758 plenissima.
622 2676 711 2741 Sicut
727 2677 872 2742 Christus
895 2671 1010 2742 dioit2³
1036 2675 1078 2740 In
1097 2697 1154 2740 me

209 2786 323 2848 pacem
344 2765 517 2842 habebitis,
540 2766 576 2828 in
597 2767 721 2830 mundo
736 2773 845 2852 autem
868 2779 1060 2849 pressuram.
1108 2765 1155 2828 Et

210 2853 447 2943 supradictum
469 2860 526 2931 est,
549 2873 687 2936 regnum
703 2855 822 2920 Christi
844 2876 913 2920 1111
932 2875 1069 2938 regnum
1084 2874 1155 2918 non

209 2964 326 3020 rerum,
351 2943 408 3006 sed
431 2937 531 3025 spei.i
554 2961 562 2967 ·

298 3031 394 3096 Porro
423 3033 503 3096 haec
533 3049 662 3115 quoque
699 3031 856 3115 particula
889 3032 932 3096 ad
966 3031 1156 3095 institutam
1284 3077 1286 3082 x

210 3120 413 3185 collationem
442 3121 609 3185 referenda
631 3128 692 3198 est,
728 3141 805 3185 nam
827 3122 967 3206 populus
993 3115 1157 3186 deductus
1284 3125 1286 3144 ³

210 3210 246 3272 in
274 3216 393 3272 terram
414 3210 547 3274 Canaan
574 3209 807 3291 nonpossedit
829 3230 901 3274 eam
923 3209 1062 3290 quietus,
1096 3207 1157 3272 sed

210 3305 382 3382 perpetuas
396 3297 627 3363 dimicationes
642 3319 718 3362 cum
732 3295 846 3364 vicinis
862 3298 1011 3380 gentibus
1025 3297 1156 3400 habuit.

156 3474 163 3489 ’
300 3509 328 3578 1)
347 3507 476 3566 11111.
513 3508 726 3578 11111111.
767 3507 997 3577 armannus.
1034 3506 1148 3576 erog

211 3596 282 3634 num
303 3580 414 3659 Christi
431 3580 494 3649 spei
512 3595 641 3647 regnum.
723 3587 725 3592 '

302 3754 328 3823 *)
347 3755 384 3809 In
402 3773 490 3824 marg.
509 3757 571 3811 coll.
590 3757 657 3811 Ien:
685 3757 804 3814 Nonne?
