2575 4225
35 10 66 41 μ

12 1218 19 1529 r

16 1686 21 1706 '
135 1693 171 1755 id
204 1701 269 1757 est:
306 1694 514 1777 praedicabor
548 1696 634 1759 sicut
666 1694 768 1758 dulcis
798 1695 923 1777 pluvia,
959 1695 1006 1758 sic
1039 1695 1075 1756 in

451 256 550 320 Ozeae
573 257 757 340 prophetae.
1032 253 1074 322 87

477 435 545 496 Nec
567 434 722 498 dicemus.

227 521 298 584 Non
319 523 460 603 amplius
483 523 689 586 adorabimus
712 523 783 586 istis
805 517 944 586 cultibus
960 517 1033 588 etc.

226 741 337 815 perte
360 741 417 798 est.
463 735 523 798 Per
545 647 589 799 tlen
599 654 706 799 atdbuc
729 735 837 800 veniet
864 735 1008 816 pupillus
1032 736 1074 798 ad

138 821 402 900 misericordiam,
442 823 476 886 id
510 831 574 888 est:
613 825 667 887 ille
709 823 900 888 miserabilis
935 825 1074 908 populus

138 917 349 993 consequetur
371 932 429 994 per
450 918 483 975 te
506 913 769 977 misericordiam.

490 1037 616 1100 Sanabo
639 1031 718 1100 θῒο.ι

225 1125 376 1204 Sequitur
420 1127 600 1207 promissio.
669 1126 790 1190 sanabo
836 1125 1075 1189 conversionem

136 1233 257 1290 eorum,
281 1214 316 1277 id
332 1219 394 1277 est:
419 1233 472 1278 eos
495 1214 554 1295 qui
568 1220 796 1279 convertuntur
811 1235 852 1277 ex
867 1214 928 1277 isto
943 1213 1073 1295 populo,

136 1302 171 1365 id
188 1308 252 1366 est:
274 1304 332 1384 qui
347 1303 554 1368 convertendi
569 1309 654 1381 sunt,
679 1303 838 1367 exhibebo
853 1322 960 1365 meam
975 1302 1074 1366 cinari·

135 1397 237 1454 tatem
265 1399 304 1455 ut
326 1392 457 1456 videant
480 1413 513 1456 se
537 1414 603 1457 non
625 1392 797 1469 meruisse,
829 1391 886 1456 sed
916 1391 1075 1456 contraria

135 1480 254 1544 omnia.
301 1481 455 1546 Perdetur
477 1482 576 1545 Israel
598 1488 630 1546 et
652 1488 762 1546 tamen
785 1501 838 1546 ero

509 1608 596 1670 sicut
616 1601 698 1683 ωε,2

136 1781 281 1860 Michea,
317 1803 413 1848 nemo
447 1785 508 1849 scit
543 1783 706 1865 quomodo
740 1783 907 1848 descendit
940 1783 1075 1847 verbum

135 1871 223 1949 istud
247 1872 288 1934 de
311 1872 436 1937 Christo
459 1873 601 1937 mirabili
623 1893 718 1955 opere
742 1873 873 1956 spiritus
897 1871 1008 1936 sancti.

550 1998 656 2060 lilium

135 2087 187 2150 vel
197 2106 279 2150 rosa.
303 2085 453 2168 perdetur
468 2087 634 2169 Ephraim,
652 2085 709 2150 sed
724 2091 834 2150 tamen
845 2081 1019 2150 miserebor
1034 2086 1073 2151 si.

139 2170 193 2238 ³id
215 2183 281 2245 est:
307 2176 368 2239 erit
389 2176 549 2241 formosus
571 2177 727 2258 populus,
756 2176 813 2240 sed
841 2175 938 2239 rubro
962 2176 1073 2254 colore,

135 2264 225 2346 apud
248 2265 356 2328 deum.

508 2355 603 2417 Remi
626 2346 706 2417 etc‘

188 2438 198 2468 '
226 2442 462 2519 diffimdentur,
490 2442 713 2507 dilatabuntur
735 2441 856 2506 scilicet
884 2463 942 2525 per
964 2442 1076 2507 orbem

135 2537 252 2608 totum,
276 2532 419 2613 loquitur
440 2552 482 2595 ex
504 2532 668 2614 voluptate
691 2530 918 2613 metaphorice.

553 2656 654 2720 Oliva.

226 2760 292 2828 mitt
313 2760 370 2844 bid)
389 2760 501 2845 stetten
523 2770 561 2827 ut
583 2764 710 2840 olivam,
735 2763 850 2828 idest:
875 2760 1075 2826 Christianus

134 2852 277 2933 populus
300 2853 361 2915 erit
383 2853 522 2935 populus
537 2852 775 2916 misericordiae
790 2856 823 2917 at
837 2851 967 2933 gratiae,
992 2850 1076 2914 oliva

134 2939 202 3006 mitt
226 2938 363 3025 pcttcifiet
384 2962 425 3003 ex
447 2942 526 3005 cleo.
572 2943 679 3005 mollis
702 2942 795 3024 peius
817 2940 965 3003 blandus.

558 3065 653 3143 Odor,

135 3170 203 3237 mitt
226 3175 323 3255 putten
344 3169 408 3251 uati)
430 3170 519 3252 baben
546 3177 605 3235 eto.
664 3175 713 3233 est
741 3168 830 3231 fama
859 3188 925 3251 qua
954 3170 1076 3236 redolet

54 3257 59 3270 ’
135 3261 278 3343 populus
301 3260 511 3337 Christianus,
535 3260 654 3324 Paulus
677 3278 790 3323 sumus
813 3258 892 3323 odor
913 3265 973 3324 ete.

495 3382 561 3447 Sub
583 3374 717 3447 umbra⁵

54 3530 63 3539 ·
159 3492 259 3555 :iiioet
281 3489 383 3553 olivae
405 3491 455 3555 vel
476 3489 587 3566 libani,

159 3612 353 3623 -nu—

256 3682 284 3720 v.
297 3664 322 3718 b.
359 3664 387 3732 2)
404 3681 431 3720 v.
444 3664 470 3718 6.
506 3664 535 3730 3)
549 3664 656 3733 Incipit
668 3665 714 3720 fol.
729 3662 789 3718 134.
798 3665 831 3718 A.
841 3662 936 3719 Mser.
967 3663 995 3729 4)
1010 3681 1036 3720 v.
1050 3662 1075 3718 7.
