2575 4225
206 243 270 304 220
526 239 630 319 Caput
655 235 832 299 secundum

203 420 239 481 lii
261 422 294 481 et
309 416 428 479 Christi
450 416 632 495 neglectum
655 415 860 495 profuturum
878 410 920 473 ad
943 410 1152 474 retinendum

29 532 55 585 f·
204 526 339 587 regnum
373 511 406 569 et
439 504 615 585 corporalia
646 502 828 578 commoda,
871 500 954 563 sicut
986 501 1153 563 Iohannes

76 621 81 633 ⁸
205 594 347 659 ostendit
361 593 465 675 capite
479 595 530 656 11.
553 592 590 654 in
612 591 743 674 publica
765 590 992 654 deliberatione
1015 590 1078 653 hcc
1101 609 1151 651 ca·

32 722 35 732 ι
205 690 265 765 put
293 684 407 759 fuisse,
446 682 475 745 si
502 681 702 744 dimitterent
729 681 877 755 ihesum,
914 679 1074 755 sutanum,
1114 684 1154 740 ut

205 791 317 835 omnes
340 771 504 834 crederent
526 770 561 832 in
584 788 673 846 eum,
703 788 740 832 ao
762 768 895 832 tandem
922 768 1069 831 venirent
1091 767 1152 829 Ro·

205 862 304 937 mani,
330 865 362 921 et
385 860 533 923 tollerent
555 864 685 938 gentem
701 864 733 921 et
754 858 861 921 locum
880 856 1034 937 ipsorum.
1083 855 1149 917 Cla·

205 951 271 1012 rius
294 955 403 1012 autem
431 950 494 1011 hcc
516 948 625 1029 ipsum
652 947 806 1029 proponit
828 946 973 1009 Christus
1002 945 1038 1007 in
1061 962 1151 1026 para-

204 1040 279 1101 bola
301 1038 341 1099 de
364 1058 464 1101 coena
483 1056 612 1116 magna,
635 1036 693 1099 ubi
709 1036 860 1100 convivae
875 1034 1002 1099 invitati
1018 1052 1153 1096 coenam
1265 1040 1266 1111 j

206 1128 384 1207 negligrmt,
408 1126 496 1206 quod
518 1146 595 1188 cura
610 1145 769 1205 agrorum,
793 1125 893 1187 boum
916 1128 949 1185 et
963 1124 1153 1204 nuptiarum

206 1216 310 1297 potior
338 1216 383 1278 eis
404 1216 575 1280 videretur.
622 1214 702 1288 Quis
725 1219 833 1277 autem
855 1233 922 1275 non
944 1212 1079 1274 miretur
1102 1231 1153 1274 ex·

207 1311 384 1367 extremam
418 1304 629 1366 caecitatem?
674 1302 862 1365 Idolatriam
895 1308 931 1373 et¹
962 1300 1154 1365 mendacem
1265 1326 1266 1331 ¹

26 1382 45 1460 ἶ·
153 1473 155 1477 ,
208 1393 388 1455 doctrinam
410 1392 556 1454 iudicant
578 1392 704 1454 felicem
725 1392 810 1467 fore,
840 1394 968 1467 contra,
994 1391 1022 1452 si
1044 1410 1155 1453 veram

209 1481 389 1544 doctrinam
404 1482 681 1561 amplecterentur,
697 1485 886 1555 metuerent,
911 1499 952 1541 ne
968 1480 1056 1541 fame
1072 1483 1157 1541 esset

209 1570 427 1650 pereundum,
458 1570 540 1632 sicut
562 1570 727 1631 Ierobeam
757 1568 923 1632 idolatriae
946 1574 1052 1649 pater,
1085 1573 1155 1629 turn

210 1679 242 1721 se
258 1679 393 1738 regnum
409 1658 544 1722 retinere
559 1678 653 1741 posse
670 1658 828 1739 sperabat,
853 1658 881 1719 si
903 1675 1015 1721 verum
1031 1657 1155 1719 cultum
1265 1708 1266 1745 3

210 1749 358 1824 aboleret,
383 1754 415 1810 et
437 1748 619 1810 institueret
641 1767 741 1811 novos
765 1748 879 1809 cultus.

210 1923 331 2035 Hodie
355 1945 483 2005 quoque
507 1944 606 2005 quam
621 1929 775 2005 putamus
799 1943 939 2000 causam,
964 1943 1020 1985 cur
1042 1924 1154 1987 retine-

282 2020 338 2077 ant
372 2020 439 2076 tam
476 2014 680 2095 pertinaciter
708 2013 827 2093 impios
847 2014 965 2097 ,cultus
989 2013 1154 2114 papistae,

24 2089 39 2200 fg
122 2183 126 2186 ,
210 2102 273 2165 nisi
296 2103 383 2182 quod
398 2103 510 2166 vident
532 2123 586 2166 eos
609 2104 798 2166 coniunctos
818 2123 892 2165 curn
915 2101 1032 2183 opibus
1056 2108 1089 2166 et
1111 2101 1155 2164 di·
1263 2129 1265 2194 3

32 2201 39 2208 ’
210 2193 354 2270 gnitate?
379 2192 441 2254 His
464 2197 622 2269 metuunt,
648 2193 675 2254 si
698 2213 811 2255 sanam
833 2191 1015 2254 doctrinam
1038 2192 1155 2273 ample.
1264 2243 1265 2268 ,

210 2284 353 2356 ctantur,
384 2281 477 2360 quasi
499 2300 589 2356 vere,
621 2287 678 2342 aut
707 2281 786 2343 deus
815 2281 897 2343 nolit
926 2280 1002 2342 dare
1036 2300 1156 2362 panem

210 2370 360 2432 ecclesiae
384 2389 469 2447 suae,
494 2375 551 2432 aut
573 2369 673 2432 satius
697 2370 739 2433 sit
763 2369 916 2433 aSatana
938 2389 1014 2432 eum
1037 2376 1153 2450 petere.

298 2459 380 2522 Novi
403 2459 569 2522 hominem
593 2456 744 2535 nobilem,
769 2459 826 2538 qui
849 2479 923 2522 curn
939 2459 1156 2539 amplissimos

209 2548 331 2610 reditus
354 2569 420 2610 non
443 2569 484 2611 ex
505 2568 571 2611 uno
595 2548 785 2610 canonicatu
799 2549 942 2624 haberet,
967 2567 986 2608 a
1004 2547 1158 2610 familiari

210 2635 264 2714 pio
288 2641 320 2697 et
336 2636 461 2698 erudito
488 2637 556 2699 viro
579 2636 764 2699 admonitus
793 2637 875 2711 forte
902 2637 938 2698 in
960 2656 1075 2698 mensa
1097 2642 1156 2711 est,

209 2728 248 2786 ut
270 2743 303 2786 se
327 2743 520 2804 quocunque
547 2725 643 2787 modo
673 2744 714 2787 ex
734 2726 797 2788 hoc
824 2726 908 2789 vitae
937 2743 1051 2804 genere
1076 2726 1157 2789 evol-

210 2819 306 2889 veret,
330 2812 365 2874 in
388 2832 453 2892 quo
475 2833 516 2874 ne
540 2813 673 2893 quidem
692 2821 775 2877 recte
800 2815 916 2877 sentire
939 2813 980 2876 de
1002 2813 1157 2893 religione
1261 2847 1263 2862 ι

211 2906 294 2963 esset
316 2907 434 2965 tutum.
480 2901 531 2965 Ibi
554 2903 616 2979 illc,
641 2909 897 2966 commonstrans
916 2901 1018 2982 digito
1041 2901 1156 2964 delica-

210 2990 324 3052 tiorem
347 3010 479 3071 panem,
511 2997 544 3053 et
565 2991 692 3068 vinum,
723 2992 811 3070 quod
841 2990 1156 3072 praestantissimum
1261 3053 1263 3060 ,

211 3084 281 3140 tum
304 3080 489 3160 appositum
512 3085 588 3142 erat.
612 3080 739 3156 .Haec‚
764 3080 881 3160 inquit,
906 3085 982 3142 sunt
1004 3099 1088 3158 quae
1112 3080 1157 3141 fa·
1261 3075 1263 3100 ²

211 3166 319 3242 ciunt,
358 3173 402 3230 ut·
421 3168 483 3230 hoc
517 3168 602 3232 vitae
634 3188 736 3248 genus
766 3168 909 3232 deserere
945 3188 1011 3230 non
1045 3169 1155 3230 libeat.
1261 3189 1262 3236 f

209 3256 381 3336 Agnoscis,
419 3256 506 3335 quod
536 3257 620 3320 sicut
647 3258 805 3345 propheta
832 3257 872 3319 de
903 3275 1068 3337 synagoga
1102 3257 1157 3332 hic
1261 3267 1262 3274 ’

210 3343 298 3421 dicit,
322 3345 369 3408 ita
384 3345 557 3408 canonicus
579 3345 639 3409 iste
661 3365 779 3427 panem
803 3352 835 3410 et
855 3345 966 3410 vinum
989 3345 1136 3408 idolatria

67 3503 72 3510 ¹
210 3434 333 3513 premia
363 3432 541 3510 iudicabat,
578 3441 610 3496 et
636 3435 709 3497 ideo
744 3454 817 3496 eam
846 3435 977 3498 nolebat
1006 3434 1128 3496 abiioer
1248 3489 1253 3496 .

209 3524 256 3584 Ac
279 3522 422 3603 profecto
437 3529 548 3603 postea
570 3524 676 3586 maius
698 3524 860 3604 premium
875 3523 972 3585 huius
995 3522 1090 3605 impii
1105 3542 1124 3584 s·

92 3620 124 3700 ,g
211 3610 313 3689 animi
335 3611 424 3687 tulit,
455 3632 535 3675 nam
560 3612 659 3674 etiam
687 3612 856 3694 episcopus
887 3618 936 3675 est
958 3611 1078 3692 factus,
1114 3630 1124 3672 a

210 3717 310 3778 quarn
333 3697 523 3777 dignitatem
546 3719 714 3782 nunquam
736 3703 885 3776 venisset,
910 3700 938 3763 si
961 3699 1011 3762 sui
1034 3699 1123 3763 ordin
