2575 4225
475 232 575 295 Osess
596 233 781 314 prophetae.
1034 238 1096 301 119

151 410 263 474 dicere
285 409 457 491 propheta:
488 397 628 491 populus
651 415 782 491 paratur
810 430 867 492 per
895 411 1013 497 impios
1043 412 1096 477 do·

150 505 260 562 ctores
294 497 337 560 ad
371 517 478 560 escam
511 498 660 561 omnium
694 499 855 580 gentium,
891 508 967 564 sunt
995 503 1097 565 securi

155 587 307 651 omnium
345 605 469 663 rerum,
508 587 586 667 quia
623 587 770 651 differtur
808 588 964 654 adventus
1002 591 1094 670 regis.

157 675 284 738 Deinde
307 675 512 738 succenditur
534 675 691 752 clibanus,
715 675 831 754 idest,
865 677 996 758 quando
1031 679 1097 742 iam

150 764 352 827 arbitramur
373 784 432 827 nos
455 783 581 826 securos
604 784 683 841 esse,
709 763 839 829 advenit
860 787 918 829 rex
940 773 973 830 st
993 768 1097 831 aufert

157 874 226 929 nos,
252 859 286 916 et
308 853 419 916 omnia
441 858 550 916 nostra
572 854 666 916 bona.

439 1012 595 1094 Ephraim
617 1014 654 1074 in
676 1013 814 1094 popuiis.

155 1116 200 1228 Io
232 1143 302 1194 rsr,
337 1119 493 1200 Ephraim
521 1124 570 1181 est
596 1120 719 1182 mixtus
747 1119 830 1181 inter
859 1121 1009 1202 populos,
1042 1143 1094 1203 po-

206 1207 304 1289 pulus
326 1207 419 1271 irruit
441 1207 476 1269 in
499 1227 562 1283 eos,
587 1209 703 1288 etipse
718 1207 918 1288 dispergetur
932 1209 1093 1290 undique:

150 1293 236 1378 dieti
259 1293 400 1361 isbermuu
423 1308 479 1361 butt
499 1294 575 1361 hren.
619 1297 704 1358 Nam
727 1301 776 1358 est
798 1315 870 1359 esca
898 1298 1002 1361 factus
1030 1319 1093 1362 om·

36 1459 40 1466 .
154 1385 249 1446 nium
272 1383 476 1465 populorum,
500 1404 605 1466 nsque
629 1386 727 1447 etism
750 1385 941 1464 mutabitur,
973 1387 1093 1465 idest,

154 1493 222 1535 non
246 1478 359 1548 cessat,
382 1479 420 1535 ut
442 1474 486 1536 sit
508 1473 681 1536 sententis:
717 1473 880 1549 Quamdiu
904 1467 970 1538 non
997 1497 1094 1540 cessa·

153 1561 239 1625 bunt
261 1562 357 1637 idola,
381 1560 506 1624 tamdiu
529 1582 595 1625 non
618 1563 748 1626 cessabo
767 1583 828 1626 uos
851 1584 970 1627 vorare.

257 1721 358 1794 Quasi
380 1722 529 1784 columba
551 1721 770 1802 persuasibilis
794 1723 864 1785 sine
887 1723 989 1786 corde.

151 1823 339 1937 Ssuruurn
365 1834 427 1890 est:
463 1827 631 1890 Seducitur
665 1849 685 1889 a
717 1828 807 1891 falsis
841 1829 1022 1910 prophetis,
1057 1838 1095 1894 ut

215 1916 356 1997 amplius
379 1935 433 1978 cor
459 1937 526 1979 non
551 1917 679 1979 habeat.
731 1917 782 1979 Ibi
811 1916 961 1980 brevibus
989 1919 1094 1982 verbis

152 2005 256 2068 habes
280 2024 442 2068 summam
465 2005 563 2068 totius
586 2004 716 2085 negotii,
741 2005 950 2086 persuadetur
966 2007 1094 2086 quidvis

153 2095 273 2157 misero
296 2094 427 2176 populo,
453 2093 509 2157 sed
533 2095 578 2157 sio
600 2099 638 2157 ut
661 2093 743 2156 nihil
765 2093 894 2158 iudicet.
940 2095 1024 2157 Nam
1047 2096 1094 2159 ilii

152 2183 455 2265 pseudoprophetas
471 2203 566 2246 omne
581 2182 738 2246 iudicium
753 2203 882 2265 prorsus
897 2184 1095 2250 abstulerant

150 2292 175 2335 a
196 2273 328 2354 populo,
353 2277 449 2352 atque
471 2292 570 2353 penes
593 2274 715 2354 seipsos
738 2273 911 2354 ponebant,
943 2275 1092 2355 quemad·

152 2361 291 2424 modum
314 2366 346 2424 et
367 2360 464 2423 hodie
487 2362 579 2423 nobis
608 2361 732 2423 factum
761 2369 810 2424 est
838 2381 858 2423 a
887 2363 1093 2443 pontificibus

150 2456 188 2513 et
209 2449 439 2513 sacerdotibus.

418 2609 604 2689 Aegyptum
626 2608 832 2671 invocabunt.

149 2711 345 2826 Ocnovomr
363 2713 539 2794 Aegyptios
562 2720 595 2777 et
616 2714 764 2795 Assyrios
788 2713 906 2794 quibus
929 2706 962 2779 se
985 2716 1092 2779 defen·

214 2803 342 2877 sabunt,
368 2807 401 2864 et
423 2802 582 2866 sedebunt
603 2803 639 2864 in
662 2804 841 2879 securitate,
867 2810 899 2867 et
921 2810 1037 2885 putent
1059 2825 1092 2868 se

148 2891 219 2954 iarn
254 2910 396 2971 regnare.
449 2890 644 2953 contraham
679 2911 732 2954 eos
766 2896 804 2954 ut
841 2912 882 2953 ex
919 2892 1092 2973 improviso

148 2980 332 3062 capiantur,
357 2984 487 3042 etcum
510 2999 544 3042 se
567 2980 649 3042 bene
672 2986 812 3043 armatos
827 2981 990 3060 putabunt
1005 2980 1091 3041 auxi·

148 3068 205 3132 liis
227 3068 409 3144 hominum,
434 3074 564 3149 repente
588 3068 742 3130 inducam
764 3085 874 3147 rogem
888 3066 1093 3147 Assyriorum
1144 3114 1146 3119 ,

148 3158 211 3238 qui
233 3158 341 3238 capiet
362 3176 427 3219 eos.

148 3316 295 3380 ‘laedam
324 3334 377 3379 eos
405 3315 583 3379 secundum
610 3314 811 3378 auditionem
839 3322 948 3379 costus
971 3335 1091 3379 eorum.

195 3445 304 3487 vorrvs
326 3422 381 3484 hio
395 3428 502 3504 potest
516 3421 589 3503 capi
604 3422 705 3485 activo
728 3423 779 3485 vel
801 3422 936 3504 passive.
982 3421 1092 3485 Hiero·

218 3530 341 3592 nymus
363 3511 466 3576 sotius
481 3510 630 3592 sumpsit,
655 3517 693 3573 ut
707 3510 750 3574 sit
765 3529 894 3574 sensus:
919 3510 987 3590 Ego
1003 3510 1092 3573 custi-

153 3599 235 3681 ,gsbo
259 3620 329 3676 eos,
360 3599 448 3679 quod
478 3620 512 3663 se
540 3598 681 3665 invicem
703 3598 811 3680 potius
834 3598 972 3662 audiunt
994 3618 1093 3678 quam

153 3709 214 3751 ne.
261 3689 347 3751 Nam
370 3688 536 3752 dicebant:
562 3688 626 3751 Cur
648 3708 715 3751 non
729 3687 776 3751 ita
790 3686 991 3752 faceremus?
1014 3687 1092 3762 Rex,
