2575 4225
432 250 559 316 Hoseaa
581 252 766 333 prophetae.
996 254 1046 317 '17
1050 256 1070 318 9

127 429 293 492 mandatis
316 428 505 507 desciscere,
537 436 571 493 et
592 430 686 510 sequi
708 430 888 495 doctrinam
911 438 944 495 et
966 433 1071 497 cultus

14 549 15 600 3
126 519 275 581 humano
298 518 432 582 consilio
453 524 488 582 01
508 519 672 582 electione.

14 603 15 674 ἶ
219 601 298 670 *nst
319 608 418 687 igitur
440 614 473 671 01
499 608 535 670 in
564 608 720 672 vocabulo
749 609 972 673 fornicationis
1000 612 1070 675 alle·

14 717 16 760 1
128 697 232 777 goria,
263 701 297 759 01
319 697 428 778 ipsum
450 697 573 760 factum
596 697 772 779 prophetae
794 716 854 761 ceu
876 704 984 778 gestus
1014 720 1071 764 0011

14 843 15 870 3
126 787 255 867 pictura
282 785 461 866 quaedam,
491 786 676 866 significans
704 787 846 849 accusari
876 786 1068 865 idolatriam,

14 875 15 942 f
127 875 222 954 quasi
244 873 347 937 dicat:
370 875 459 937 Duxi
480 894 624 951 uxorem,
649 880 682 939 et
704 895 745 937 ex
760 896 798 938 ea
813 877 940 956 suscepi
954 876 1070 942 liberos

14 959 15 988 ³
128 962 283 1026 mandato
306 963 430 1040 divino,
454 964 512 1026 sad
535 964 664 1043 qualem
687 983 836 1040 uxorem,
861 965 971 1043 quales
994 966 1069 1029 libe

127 1053 204 1115 ros?
227 1051 310 1132 quid
331 1052 451 1129 habeo,
475 1052 540 1115 nisi
562 1058 595 1115 et
617 1073 752 1116 uxorem
775 1059 807 1117 et
830 1052 913 1116 filios
937 1054 1069 1117 fornica·

127 1142 282 1203 tionum?
317 1140 404 1214 Quid
433 1142 501 1204 ita?
530 1142 608 1221 quia
634 1142 689 1204 hic
717 1147 804 1205 totus
833 1142 973 1222 populus
995 1143 1069 1207 talis

127 1236 185 1306 est,
210 1230 295 1292 sicut
316 1230 371 1293 hio
393 1230 509 1311 inquit,
527 1230 621 1293 claris
644 1231 749 1294 verbis
773 1230 895 1293 addens
917 1231 1068 1313 interpre-

14 1361 15 1387 1
125 1319 301 1382 tationem:
340 1319 503 1382 fornicans
541 1319 719 1383 fornicatur
755 1326 839 1383 terra
874 1339 893 1381 a
927 1322 1068 1384 domino.

14 1399 15 1458 l
125 1407 203 1470 Ideo
233 1427 329 1488 cogor
358 1428 412 1471 eos
441 1409 510 1489 ipse
540 1408 602 1471 hoc
624 1409 777 1490 probroso
801 1409 931 1473 nomine
958 1430 1070 1475 vocare

126 1516 262 1559 uxorem
297 1503 329 1559 01
362 1498 479 1560 liberos
513 1497 780 1574 fornicationum,
817 1496 873 1564 aia
906 1496 988 1565 1111111
1023 1501 1069 1565 bet

124 1584 242 1668 1111101111
255 1600 269 1663 ,1
284 1586 339 1651 nab
365 1582 471 1652 Rttbct
500 1586 548 1651 bct
575 1586 691 1669 immet)
704 1585 720 1665 l
733 1587 816 1650 sicut
838 1593 870 1650 et
892 1587 932 1650 de
955 1590 1069 1669 poenis

125 1674 225 1737 etiam
259 1674 394 1738 nomina
434 1675 588 1757 imposita
626 1676 736 1739 liberis
778 1676 976 1755 significant,
1023 1678 1069 1739 Lo

38 1787 42 1797 ·
87 1778 94 1796 ·
124 1764 276 1843 ryhamo,
304 1770 337 1827 et
365 1765 523 1828 Loammi.
568 1764 641 1843 Non
675 1763 928 1829 misericordiam
963 1786 1068 1829 conse·

125 1858 209 1929 outa,
233 1857 276 1928 et,
300 1873 367 1916 non
388 1854 528 1934 populus
550 1873 652 1916 110110.

216 1940 311 2015 Quod
333 1943 413 2005 haec
435 1943 533 2005 huius
556 1944 656 2005 totius
679 1942 742 2005 loci
765 1942 925 2005 sententia
948 1942 999 2018 sit,
1024 1962 1067 2005 se·

125 2030 260 2112 quentia
283 2032 361 2094 satis
384 2031 561 2095 ostendunt
583 2031 681 2111 (sicut
704 2030 787 2108 dixi)
810 2048 885 2093 cum
917 2030 975 2095 ait:
1010 2038 1067 2094 ter·

124 2141 195 2183 ram
222 2120 333 2184 relicto
361 2121 493 2185 domino
522 2121 729 2198 fornicatam,
758 2122 821 2184 hoc
848 2127 912 2197 001,
948 2121 1068 2186 alienos

124 2209 202 2273 deos
226 2215 260 2273 et
281 2211 387 2273 01111110
416 2216 560 2273 secutam
587 2229 666 2273 esse.
712 2211 797 2272 Nam
825 2210 865 2272 de
895 2210 1069 2274 idolatricis

124 2299 267 2362 cultibus
278 2299 411 2361 omnino
425 2299 506 2361 haec
521 2298 731 2379 intelligenda
746 2305 830 2362 sunt.
856 2299 945 2362 Sicut
959 2307 1068 2363 autem

124 2387 247 2469 impius
278 2393 416 2469 papatus
443 2387 548 2452 verbis
577 2388 711 2467 quidem
739 2388 858 2450 Christi
886 2408 1005 2451 nomen
1036 2396 1069 2452 et

16 2532 17 2558 ,
123 2478 295 2552 meritum,
329 2477 548 2558 Baptismum‚
584 2476 821 2539 Eucharistiam
849 2483 880 2539 01
910 2476 973 2538 alia
1001 2497 1067 2539 non

16 2560 17 2623 1
123 2572 231 2646 negat,
256 2566 328 2647 ipso
351 2571 461 2628 autem
483 2585 578 2646 opere
601 2571 707 2645 negat,
731 2564 811 2628 dum
833 2571 958 2646 praeter
976 2565 1066 2628 meri·

16 2668 17 2710 ῑ
123 2661 196 2718 tum
211 2654 332 2717 Christi
354 2660 388 2717 et
410 2655 584 2735 gratuitam
606 2654 829 2718 remissionem
851 2660 1065 2736 peccatorum,

16 2782 17 2825 3
121 2745 256 2825 propria
278 2744 393 2808 merita
414 2743 536 2807 statuit.
575 2744 626 2806 Ita
640 2743 735 2826 impii
750 2742 903 2807 idolatrae
918 2743 954 2806 in
969 2764 1066 2824 regno

16 2834 18 2863 ³
123 2833 252 2896 israelis
275 2833 426 2896 volebant
448 2832 560 2894 haberi
589 2833 656 2896 veri
685 2833 822 2896 cultores
852 2833 919 2895 veri
948 2833 1019 2908 dei,
1048 2853 1068 2894 a

122 2941 188 3002 quo
212 2941 254 2984 ex
277 2923 425 3002 Aegypto
447 2926 555 2984 essent
577 2921 695 2984 educti.
735 2920 799 2984 Sed
822 2921 899 3000 quia
927 2921 1065 2983 discede-

16 3011 18 3081 ἶ
122 3011 205 3074 bant
227 3030 248 3071 a
270 3011 359 3074 cultu
382 3010 537 3075 divinitus
559 3009 729 3085 mandato,
754 3009 815 3072 etsi
837 3029 890 3071 ore
914 3009 1065 3086 dicerent,

123 3120 157 3162 00
180 3099 281 3162 deum
303 3099 402 3162 Israel
425 3099 542 3175 colere,
566 3105 676 3161 tamen
699 3098 765 3162 veri
787 3098 940 3160 idolatrae
965 3105 1064 3163 erant:

124 3195 156 3252 et
178 3188 248 3251 iura
272 3188 463 3252 dicebantur
486 3208 505 3250 a
527 3187 599 3264 deo,
624 3187 708 3250 sicut
731 3187 901 3250 fornicaria
915 3187 1066 3252 muliera

122 3278 255 3354 marito,
286 3277 485 3353 discessisse,
514 3297 580 3339 non
608 3277 696 3338 enim
725 3276 837 3353 deum,
874 3275 930 3339 sed
961 3275 1065 3338 cordis

168 3368 173 3428 ἶ
197 3367 391 3446 figmentum
413 3372 446 3428 et
467 3365 650 3447 opiniones,
681 3385 762 3446 quas
784 3365 848 3446 ipsi
871 3365 941 3427 sine
968 3364 1065 3430 verbo

166 3455 240 3517 ide
264 3455 326 3518 deo
349 3455 517 3530 finxerant,
541 3454 698 3544 colebant.

212 3736 238 3806 ¹¹)
257 3736 295 3790 In
312 3751 401 3803 marg.
420 3695 482 3789 collss
502 3735 575 3788 len:
594 3733 743 3788 Sententia
760 3733 927 3801 prophetae.

848 3823 902 3877 12⁴
