2575 4225
451 290 578 353 Hoseae
599 290 785 373 prophetae.

143 467 268 550 cillima
281 486 378 549 opera
400 466 480 529 deus
502 467 572 530 odit
586 473 619 531 et
633 466 847 544 abominatur,
872 468 901 531 si
923 488 981 550 pro
998 470 1087 532 cultu

143 576 186 618 ea
207 556 320 619 haberi
342 556 431 634 velis,
454 555 547 617 iuxta
565 558 729 678 1regulam:
761 516 928 638 Quidquid
950 578 1017 621 non
1039 563 1088 622 est

144 639 577 727 51511515,555551551551.1

189 854 374 967 Propter
399 858 506 922 mala
539 858 678 923 studia
708 859 888 940 ipsorum
917 879 934 922 5
969 858 1087 923 domo

251 968 334 1010 mea
360 967 425 1011 eos
453 949 627 1011 eiiciam.
674 949 760 1011 Non
791 947 961 1028 amplius
996 948 1088 1011 dili·

189 1056 278 1117 gam
301 1057 377 1100 eos.
425 1038 567 1100 Omnes
586 1035 692 1101 enim
715 1038 927 1119 principes
950 1057 1089 1100 eorum

191 1144 212 1187 a
232 1146 290 1188 me
313 1126 552 1189 defecerunt.

143 1333 250 1447 Mala
276 1338 384 1401 studia
405 1345 498 1404 vocat
520 1339 704 1403 idolatriam
727 1339 941 1419 excogitatam
969 1338 1009 1401 ab
1032 1338 1086 1402 ho-

218 1427 362 1490 minibus
390 1429 460 1491 sine
487 1430 593 1492 verbo.
641 1429 701 1491 Est
733 1434 843 1491 autem
877 1428 1087 1491 durissimum

142 1516 355 1592 hocvcrbum,
365 1516 788 1597 quodminaturdeusseeos
796 1517 971 1581 eiecturum
979 1517 1085 1579 domo.

139 1606 264 1669 Fuerat
274 1605 362 1667 enim
373 1606 617 1686 populusIsrael
629 1606 786 1669 hactenus
798 1613 954 1686 tanquam
963 1606 1088 1668 familia

142 1694 206 1756 dei.
255 1693 325 1756 Etsi
353 1694 442 1755 enim
468 1695 504 1757 in
531 1695 621 1759 cultu
649 1699 733 1757 esset
759 1694 894 1770 vicium,
931 1700 966 1756 et
990 1694 1086 1756 idola·

25 1810 30 1817 ·
142 1782 241 1845 triam
267 1781 431 1859 retineret,
461 1788 572 1847 tamen
600 1782 790 1846 visitabatur
820 1802 840 1843 a
868 1782 1000 1845 domino
1030 1802 1088 1862 per

139 1871 327 1953 prophetas.
374 1872 444 1935 Hos
471 1892 547 1935 cum
577 1872 771 1953 negligeret,
808 1877 842 1933 et
874 1877 1019 1952 pergeret
1052 1871 1088 1933 in

119 1959 306 2035 idolatria,
334 1960 479 2024 minatur
507 1960 660 2023 dominus
682 1961 843 2036 futurum,
870 1966 908 2023 ut
930 1966 1087 2040 tanquam

141 2048 367 2113 inobedientes
398 2049 458 2112 filii
485 2050 654 2114 eiiciantur
682 2069 700 2112 5
729 2048 839 2126 domo,
868 2048 930 2112 hoc
953 2054 1014 2126 est,
1050 2055 1088 2112 ut

141 2138 265 2220 captivi
291 2139 524 2202 transferantur
554 2160 596 2201 ex
621 2144 706 2202 terra
732 2138 954 2220 promissionis
985 2159 1005 2201 a
1035 2138 1087 2201 do·

142 2228 235 2290 mino
258 2226 394 2304 donata,
424 2229 459 2290 in
482 2222 632 2308 gentes,²
660 2227 729 2291 sine
752 2229 842 2290 omni
874 2248 931 2308 spe
954 2227 1086 2291 reditus.

1048 30 1061 41 ¹⁷
1076 25 1080 34 ι
1100 36 1114 43 .,
1130 21 1170 41 213„
1195 21 1231 42 ⁸34¹

1063 54 1064 57 ’
1108 41 1169 73 'aas'
1189 52 1213 69 lx.
1226 45 1253 68 Ὺ,

1029 98 1031 109 ,
1083 92 1089 101 ,
1142 72 1261 103 vr

1210 106 1255 132 qd:

1234 132 1238 145 5

1226 150 1267 181 μ’,

1237 180 1268 218 tr

1244 1160 1245 1163 „
1239 1088 1240 1091 „
1237 880 1245 891 2
1237 712 1239 721 -
1238 694 1245 705 .

1245 740 1274 1485 &Casinarifi-„ssmfflssfflgfflfifflhffifflffl

1256 1984 1274 2039 :ms
1268 1944 1274 1953 .
1254 1698 1274 1921 -AE'sjrgS-ffxbss-
1256 1526 1274 1693 Lssxssf-fijss-..i
1261 1490 1274 1517 ν.

141 2316 217 2379 Hoc
240 2316 328 2378 enim
344 2322 393 2379 est
415 2316 503 2397 quod
525 2316 618 2380 dicit:
653 2317 727 2380 Non
742 2316 871 2393 addam,
895 2322 933 2379 ut
948 2317 1088 2397 amplius
1129 2350 1131 2354 ·
1254 2273 1273 2304 l

140 2424 199 2468 eos
222 2404 365 2484 diligam.
411 2405 568 2485 quuitur
595 2406 684 2469 enim
707 2411 836 2470 tantum
866 2405 906 2467 de
933 2405 1088 2486 corporali

16 2523 17 2526 ¹
142 2513 259 2576 poena.
305 2493 396 2556 Haec
425 2494 672 2575 promissionem
702 2494 829 2557 futurae
852 2493 1087 2557 benedictionis

16 2608 17 2614 ¹
142 2602 201 2664 per
225 2582 390 2646 Christum
418 2603 486 2645 non
512 2583 657 2660 tollebat,
701 2583 785 2647 sicut
813 2582 876 2645 alia
903 2581 1088 2645 testimonia

140 2671 329 2734 ostendunt.

234 2761 453 2837 Vocabulum,
485 2761 574 2841 quod
602 2761 804 2844 principibus
834 2760 960 2837 tribuit,
992 2760 1088 2840 signi-

16 2838 17 2893 3
141 2849 221 2913 fioat
242 2849 459 2927 rebellionem,
484 2850 568 2913 si'cut
590 2870 689 2931 supra
710 2850 836 2913 vocavit
857 2850 956 2912 Israel
975 2849 1088 2925 ,Phara

16 2990 17 3017 ,
141 2937 268 3090 {bibl
282 2957 423 3015 vaccam,
448 2958 531 3019 quac
550 2959 617 3001 non
638 2943 747 3020 potest
761 2938 894 3015 domari,
919 2943 952 3000 51
974 2937 1088 3026 iugum

239 3109 365 3178 “Facile
388 3121 497 3179 autem
519 3115 656 3178 iudicari
677 3117 793 3196 potest,
817 3114 897 3194 quid
919 3114 1086 3195 reprehen-

16 3178 17 3245 Ῠ
141 3204 202 3267 dat
224 3204 261 3266 in
282 3204 496 3286 principibus
517 3204 606 3284 quod
620 3205 697 3266 elati
719 3204 865 3286 potentia
882 3202 1089 3282 negligebant

16 3308 17 3374 ff
144 3294 297 3368 verbum,
325 3299 359 3356 et
379 3293 532 3358 volebant
553 3293 732 3374 superiores
755 3313 823 3356 esse
847 3292 952 3356 verbo.
999 3291 1089 3354 Sicut

162 3381 322 3463 mpiorum
349 3402 461 3462 regum
484 3382 634 3463 exempla
660 3381 850 3457 ostendunt,
879 3381 937 3460 qui
962 3380 1088 3459 ingenti

161 3469 220 3533 dio
236 3469 420 3551 prophetas,
443 3490 555 3535 verum
571 3472 705 3586 cultum,
730 3476 762 3534 et
780 3490 894 3533 sanam
908 3468 1088 3532 doctrinam

236 3695 265 3765 Ῑ)
283 3697 366 3823 {³⁰1³-
385 3695 483 3752 142
465 3697 630 3766 2.)Gentes
666 3696 904 3766 ettlagistratus
923 3712 976 3752 suo
994 3711 1089 3786 exem·

176 3782 306 3824 55555.
1126 3807 1127 3814 ¹
1208 3821 1211 3828 ,
