2575 4225
504 289 740 369 Prolegomona.
1049 294 1090 356 93

143 467 225 530 ,Non
248 467 331 530 vidit
353 468 391 528 D.
416 466 581 538 Walchius
603 466 640 530 in
660 465 755 529 titulo
770 467 870 530 libelli
885 469 996 545 nostri,
1020 477 1098 551 post

152 556 347 620 vocabulum
382 555 600 636 „praelectae“
635 561 795 636 punctum
836 556 979 637 positum
1014 579 1091 622 esse.

152 645 241 707 Anni
264 643 429 708 denotatio
452 664 518 707 non
540 643 680 725 pertinet
699 643 741 706 ad
762 651 892 726 tompus
912 647 1092 729 praelectio·
1204 645 1207 658 '

143 733 205 796 ,nis
223 733 395 796 aLuthcro
406 732 582 808 institutae,
600 732 658 795 sed
669 732 711 795 ad
723 739 862 814 tempus
876 755 940 814 quo
953 736 1093 799 Thomas
1146 769 1148 779 ·

145 821 511 885 ‚VuolffiusBasileonsis
517 821 779 884 libellumedidit.
793 821 910 885 Codice
915 823 1095 904 Cygneensi

143 916 234 974 »teste
265 911 465 993 apertissime
500 910 721 986 confirmatur,
757 911 882 974 scholas
916 913 951 974 in
978 913 1095 976 Oseam

144 1001 347 1081 ‘prophetam
368 998 445 1062 indo
467 1019 488 1061 a
509 999 592 1061 festo
614 999 755 1061 Paschae
783 1019 886 1080 nsque
909 1000 952 1063 sd
975 1002 1095 1065 festum

143 1080 416 1167 ,Pentecostarum
442 1087 629 1150 MDXXIV.
660 1088 788 1151 habitas
817 1108 895 1151 esse.
942 1089 1095 1153 Nostrum

152 1183 264 1240 autem
292 1177 560 1240 commentarium
587 1197 628 1238 ex
662 1175 776 1239 eadem
804 1177 1015 1258 praelectione
1043 1199 1094 1240 ex·

151 1271 286 1348 ceptum
320 1285 389 1329 esse
430 1272 527 1346 atque
562 1266 783 1346 Cygneensem
820 1264 926 1347 primo
964 1274 1095 1348 aspectu

152 1349 394 1435 cognovimus.¹
422 1355 591 1417 Nescimus
606 1374 725 1417 nomen
741 1355 871 1432 autoris,
889 1376 991 1436 quum
1007 1358 1096 1419 nulla

150 1444 243 1525 operi
282 1443 440 1524 praefatio
478 1444 663 1524 praeposita
700 1443 891 1507 inveniatur.
954 1444 1095 1509 Studiosi

149 1532 324 1596 cuiusdam
357 1553 399 1594 ex
427 1532 685 1613 Vuittemberga,
720 1533 821 1596 finitis
855 1532 896 1596 de
929 1535 1094 1615 prophetis

152 1622 334 1685 minoribus
349 1621 626 1703 praelectionibus,
651 1620 686 1683 in
701 1621 840 1702 patriam
859 1622 986 1685 reducis
1009 1624 1093 1686 sche-

150 1709 213 1772 dae
228 1710 314 1772 mihi
328 1730 397 1773 esse
412 1709 570 1786 videntur,
595 1731 734 1790 quarum
750 1716 938 1774 contextum
954 1713 1094 1775 Thomas

151 1799 317 1862 Vuolffius
341 1799 428 1881 typis
450 1799 652 1880 expresserit.

244 1888 329 1950 Sane
352 1888 486 1969 quidem
517 1889 738 1969 typographus
769 1889 803 1950 in
830 1889 940 1951 animo
969 1889 1093 1965 habuit,

153 1977 197 2038 ad
219 1996 322 2038 unam
345 1997 457 2040 omnes
480 1977 709 2058 praelectiones
739 1976 939 2057 Megalandri
969 1977 1010 2039 ab
1033 1973 1095 2041 isto

154 2064 299 2130 studioso
338 2072 487 2150 exceptas
526 2065 633 2144 edere,
681 2065 738 2129 sed
775 2064 857 2128 Osca
894 2067 1096 2147 promulgato

153 2155 220 2217 iam
243 2155 408 2237 proposito
431 2176 468 2218 ac
491 2156 620 2237 incepto
643 2155 768 2218 destitit
797 2175 946 2219 successu
969 2162 1095 2237 sperato

153 2251 292 2307 carente.

244 2332 336 2396 Osrte
362 2334 443 2396 haec
476 2334 594 2413 exigua
628 2338 661 2395 et
693 2333 865 2397 invenusta
898 2334 996 2399 editio
1030 2356 1097 2397 non

152 2423 248 2502 longe
283 2423 410 2503 lateque
445 2421 611 2503 divulgata
644 2427 708 2498 est,
744 2422 888 2486 fortassis
927 2424 1097 2485 circuitum

152 2512 298 2573 Basileae
336 2511 393 2574 vix
427 2510 543 2574 evadit.
601 2512 679 2573 Veri
717 2510 821 2573 simile
855 2516 919 2587 est,
955 2530 1027 2573 eam
1062 2512 1097 2574 in

153 2599 299 2662 mediam
332 2600 541 2663 Germaniam
568 2620 739 2680 nunquam
767 2600 959 2681 pervenisse,
995 2619 1097 2680 quum

153 2688 274 2751 necin
296 2687 613 2769 Vuittembergenses
643 2709 703 2751 nec
732 2689 767 2751 in
789 2689 940 2752 lonenses
963 2710 1098 2771 operum

153 2778 290 2841 Lutheri
323 2778 497 2841 latinorum
531 2777 751 2841 collectionem
785 2783 912 2859 recepta
946 2778 1002 2854 sit,
1039 2798 1099 2840 nec

153 2866 197 2928 ab
235 2866 302 2930 ullo
340 2887 448 2929 rarum
480 2867 737 2930 Lutheranarum
775 2867 927 2948 scriptore
962 2887 1096 2929 comme·

153 2961 283 3018 morata
304 2956 355 3018 sit.
387 2956 482 3019 Vitus
504 2955 686 3020 Ludovicns
709 2978 729 3018 a
744 2955 941 3018 Seokendorf
952 2955 1099 3017 libellum

155 3064 224 3107 non
262 3045 362 3120 novit.
424 3045 571 3108 Editores
608 3044 804 3108 collectionis
833 3044 1099 3123 Altenburgensis

157 3139 191 3196 et
227 3133 405 3215 Lipsiensis
443 3134 546 3197 nihilo
584 3133 689 3213 magis
733 3133 826 3194 illum
864 3138 1096 3212 cognoveruntr

156 3222 340 3303 Cyprianus
382 3223 468 3285 solus
513 3222 665 3297 servavit,
710 3221 874 3284 Walchius
917 3223 1098 3304 germanice

155 3310 193 3372 in
227 3310 447 3374 collectionem
482 3332 575 3374 suam
608 3312 746 3392 recepit,
783 3330 841 3373 nos
876 3330 917 3373 ex
951 3310 1099 3391 exemplo

248 3556 277 3624 1)
301 3557 344 3609 De
370 3556 470 3610 ordine
492 3557 718 3624 praelectionum
743 3557 862 3611 Lutheri
889 3558 920 3609 in
943 3556 1098 3624 prophetas

166 3627 286 3681 ninores
314 3627 547 3692 Vuittembergae
574 3628 773 3682 institutarum
796 3628 925 3681 conferas
947 3643 996 3696 ea,
1025 3643 1098 3693 quae

178 3698 423 3765 rProlegomenis
441 3698 480 3752 ad
501 3698 609 3751 Ioelem
626 3700 664 3751 Π.
692 3699 770 3767 (tom.
790 3698 884 3751 XXV.
904 3716 969 3767 opp.
989 3702 1099 3763 exeget.

170 3774 275 3824 ,ostrae
293 3769 430 3824 editionis
448 3786 512 3837 pag.
531 3766 574 3821 44.
593 3774 623 3823 et
640 3768 695 3837 45.)
715 3768 902 3837 explicantur.
