2575 4225
435 264 535 329 Oscae
558 265 742 347 prophetae.
1015 268 1057 331 43

509 440 672 518 Clibanus,

118 548 235 609 fornax
258 566 412 610 succensa
435 567 455 609 a
477 546 606 628 pistore,
631 554 682 612 est
703 547 883 613 similitudo
905 548 1058 635 adulterii

94 641 313 805 dommlmptioi
338 671 490 789 doctores
525 725 726 790 succendunt
766 727 850 789 hano
884 725 1057 802 fornacem,

118 813 153 876 id
169 819 235 875 est:
259 818 424 894 parentet
445 814 652 879 inflammant
674 835 728 878 cor
758 814 871 896 populi
898 815 995 878 huius
1022 819 1060 878 ut

118 900 293 965 adhaereat
322 903 419 965 stulto
442 902 611 966 mendacio
634 903 723 983 quod
745 911 981 985 proposuerunt
1004 904 1055 968 ist'

118 996 231 1054 contra
252 991 368 1053 Ozeam
391 992 592 1073 prophetam.

545 1152 655 1216 uievit.

208 1256 269 1317 Sic.
295 1258 430 1319 cessavit
453 1152 591 1321 excidere
612 1256 780 1321 subactam
795 1264 931 1339 pastam,
956 1257 1059 1321 donec

116 1345 372 1409 fermentaretur.
382 1380 391 1391 ι

143 1506 203 1567 Die
227 1505 311 1585 regis
334 1506 435 1568 nostri
458 1526 522 1586 quo
545 1513 720 1588 coeperunt
742 1507 902 1590 principes
926 1506 1029 1569 furere

475 1614 495 1656 a
517 1592 629 1658 vino¹:
655 1632 698 1641 -
997 1630 1001 1636 ·

206 1701 291 1763 Nota
313 1700 448 1763 modum
472 1707 504 1764 et
527 1701 665 1765 formam
688 1702 902 1783 praeparandi
930 1702 972 1763 ad
995 1702 1056 1783 pis-

116 1797 225 1852 turam
249 1794 307 1851 etc.
355 1795 423 1852 tota
451 1790 630 1854 similitudo
658 1796 707 1853 cst
729 1792 868 1871 pistoris.
915 1791 1058 1870 loquitur

115 1878 157 1941 de
181 1897 265 1958 pane
288 1877 418 1953 cibario,
442 1899 508 1941 non
529 1880 615 1959 regio
638 1885 698 1942 etc.
723 1879 763 1941 de
786 1880 952 1942 communi
973 1898 1057 1960 panc

116 1967 277 2047 loquitur,
301 1962 442 2047 ftsssbtut'
467 1988 532 2031 non
555 1968 736 2049 voluptario
760 1973 817 2030 eto.
864 1969 963 2047 Impii
986 1967 1056 2029 doc·

117 2062 202 2120 tores
226 2056 336 2139 pistor.

547 2209 624 2279 Oor'

115 2330 166 2385 est
188 2322 344 2399 clibanus,
369 2322 591 2385 inflammatur
612 2328 651 2384 ut
666 2323 862 2385 adulteretur
877 2321 1055 2395 vobiscum,

8 2442 10 2447 s
114 2409 238 2492 hutten,
262 2417 311 2474 est
333 2411 379 2474 sic
401 2413 515 2488 vivere,
539 2417 578 2474 ut
592 2431 645 2475 cor
660 2412 962 2474 estinflammatum
977 2409 1059 2471 falsa

92 2495 96 2502 ’
117 2500 275 2576 doctrina,
299 2499 387 2582 [tedet
405 2499 457 2566 ben
472 2497 539 2582 tequ
554 2499 609 2566 tub
624 2499 802 2582 unffluuffet'
826 2504 875 2562 ost
890 2503 1057 2578 expectare

117 2609 227 2670 regem
243 2590 422 2669 Assyrium,
447 2589 550 2652 donec
565 2588 733 2652 mendacio
749 2595 782 2650 ct
796 2586 1057 2669 persuasionibus

118 2679 210 2741 falsis
234 2679 372 2758 populus
401 2683 487 2740 totus
516 2685 628 2759 captus
657 2671 731 2754 sit‚³
763 2676 882 2739 idest:
918 2676 1057 2757 populus

118 2766 222 2830 credit
244 2766 335 2830 vobis
359 2771 391 2828 et
412 2767 493 2830 vivit
515 2767 562 2829 ita
584 2765 686 2830 donec
709 2771 813 2829 totum
838 2766 1055 2827 fermentetur.

117 2855 292 2918 Paululum
320 2876 387 2917 non
415 2861 463 2918 est
491 2854 526 2916 in
548 2855 714 2917 hebraico:
761 2855 821 2916 llla
843 2853 1057 2916 inflammatio

117 2943 198 3006 facit
221 2961 276 3008 vos
300 2944 429 3006 inflatos
452 2949 486 3006 et
507 2944 669 3006 animosos
693 2949 752 3005 etc.

447 3104 523 3166 Dies
545 3103 629 3184 regis
653 3096 733 3166 etc.4

210 3229 242 3290 q.
271 3209 302 3272 d.
333 3211 417 3273 hanc
446 3210 604 3291 pisturam
635 3208 741 3272 facitis
775 3207 811 3269 in
845 3207 899 3270 die
933 3191 1069 3270 solenni⁴

118 3299 213 3376 reris,
238 3298 272 3360 id
288 3305 351 3360 est:
373 3299 408 3361 in
423 3299 476 3362 die
492 3299 575 3379 regis
590 3297 692 3362 nostri
708 3296 828 3359 fecistis
843 3298 922 3359 haec
937 3297 1056 3372 omnia,

173 3385 252 3450 ando
267 3386 429 3469 principes
441 3394 616 3469 coeperunt
627 3387 730 3448 furere
743 3406 763 3446 a
773 3385 857 3448 vino.
882 3384 1056 3467 Principes,

173 3479 242 3540 ‘icet
264 3475 459 3540 inflammati
482 3497 541 3558 per
562 3495 628 3540 vos.

211 3671 236 3796 15)
260 3687 287 3726 v.
313 3667 337 3721 ὗ.
383 3668 410 3735 2)
433 3686 459 3723 v.
483 3667 508 3720 6.
558 3667 586 3734 3)
615 3667 722 3735 Incipit
747 3667 793 3720 fol.
819 3666 878 3720 118.
905 3667 936 3719 B.
957 3663 1057 3719 ‘MSOi

1284 3162 1285 3229 r

1283 3258 1286 3402 l

1283 3408 1286 3459 r
