2575 4225
393 185 469 245 24
1045 182 1255 265 Caput
1303 187 1610 261 quartum

393 361 557 421 „sesni
609 359 787 435 vitia,
846 358 1086 424 scilicet
1138 359 1385 423 fructus
1438 359 1901 424 incredulitatis
1947 366 2026 423 et*
2056 360 2277 443 ipsam

397 449 934 510 incredulitatem:
993 482 1082 493 —
1150 447 1375 511 Certus
1430 453 1528 512 est
1581 450 1899 531 propheta
1962 468 2031 512 se
2089 450 2279 531 loqui

397 541 660 601 *coricium
708 536 837 600 dei.
930 537 1072 600 Imo
1121 536 1281 600 dicit

663 696 903 760 Audite
951 700 1070 760 etc.
1117 730 1203 741 —-
1251 696 1421 772 Quia
1463 696 1781 760 iudicium
1826 692 1989 760 estz¹

393 805 653 866 melius:
705 802 1010 867 dominus
1054 804 1252 867 habet
1281 802 1667 868 contendere
1696 804 1955 880 iudici0,
2004 824 2271 867 causam

397 913 605 969 agere,
673 892 742 953 id
789 898 913 955 est:
985 891 1183 956 habet
1235 891 1483 973 aliquid
1528 892 1833 957 adversus
1875 892 2277 956 habitatores

397 997 628 1042 [sssl'ifflss
681 1014 766 1026 “⁸-
1125 1014 1130 1017 '

1102 1103 1555 1181 Misericordia,

397 1209 481 1273 rin
517 1209 752 1291 mnstbut
782 1212 916 1275 sive
961 1216 1320 1292 praestetur
1349 1234 1389 1275 a
1417 1211 1539 1275 deo
1571 1211 1968 1288 hominibuS,
2018 1212 2151 1276 sive
2182 1213 2270 1274 ab

397 1299 767 1362 huminibus
812 1299 1189 1363 hominibus
1235 1304 1354 1364 etc.

1187 1458 1461 1523 Veritas

577 1565 770 1629 fidem
801 1565 1105 1631 transfert
1143 1585 1335 1647 saepe
1364 1566 1620 1629 Paulus.
1699 1571 1900 1629 emetz
1948 1560 2229 1652 [lumper
2249 1590 2277 1627 .-

397 1677 593 1733 qunm
622 1653 781 1718 deus
805 1675 999 1718 verax
1021 1654 1134 1735 est]
1172 1655 1396 1731 active,
1427 1656 1688 1717 Amuna
1708 1654 1980 1736 passive,
2007 1653 2276 1734 quando

397 1745 465 1805 in
513 1742 702 1805 corda
746 1748 965 1807 nostra
1008 1743 1229 1808 fundit
1271 1743 1609 1808 veritatem
1638 1763 1846 1806 suam.
1936 1743 2155 1805 Iustus
2187 1762 2276 1804 ex

401 1833 517 1893 fido.
569 1831 764 1909 vivet,
824 1832 894 1895 id
941 1839 1064 1902 est:
1125 1833 1197 1895 in
1253 1832 1519 1896 veritate
1578 1852 1776 1912 quam
1835 1831 2083 1913 accepit
2140 1850 2279 1911 qua

397 1921 756 1985 verificatur
799 1921 938 2005 ipse
954 1971 967 1998 ‚
1028 1922 1154 1985 hoc
1213 1927 1312 1985 est
1356 1939 1485 2002 qua
1521 1921 1667 2003 'ipse
1712 1920 1966 1985 veritati
2010 1920 2275 1983 divinae

401 2013 725 2075 annumeret:
783 2046 868 2057 -—
923 2012 1070 2074 Non
1115 2016 1214 2074 est
1255 2010 1519 2087 veritas,
1590 2008 1653 2089 ek
1706 2008 1775 2093 ift
1832 2008 1947 2075 sein
2001 2014 2125 2074 tteu
2188 2008 2279 2091 off

397 2101 581 2166 etheit.
670 2099 904 2164 veritas
950 2120 1305 2182 paucorum
1348 2105 1465 2176 est,
1512 2098 1673 2163 fides
1718 2098 2087 2162 multorum.

1121 2257 1557 2322 Misericordia

399 2361 788 2448 freuutftbufft,
835 2384 1029 2428 nemo
1075 2363 1234 2428 facit
1277 2365 1461 2428 alteri
1505 2366 1772 2429 bonum.

1177 2523 1476 2601 Scientia,

401 2630 632 2690 notitia
666 2630 916 2706 melius,
963 2629 1218 2710 passive
1248 2630 1550 2710 cognitio,
1598 2630 1689 2694 sic
1720 2630 1848 2694 Esa
1883 2631 1983 2692 11.
2031 2609 2289 2710 repleta.

401 2726 497 2778 est.
545 2726 740 2791 terrra
783 2723 903 2781 etc.
949 2719 1042 2781 sic
1088 2719 1193 2781 53.
1287 2719 1679 2799 Cognoscere
1709 2719 1905 2782 deum
1949 2723 2025 2781 ut
2053 2718 2280 2795 deum,

403 2809 708 2958 ²³⁴fffssipssge.
728 2826 847 2869 nos
893 2806 974 2869 ab
1022 2827 1098 2870 eo
1142 2807 1365 2870 omnia
1406 2807 1578 2872 bona
1606 2813 1725 2872 etc.
1816 2808 1976 2871 haec
2007 2811 2104 2869 est
2132 2826 2285 2886 cog-

401 2906 561 2958 mt-m·
652 2915 730 2959 el.

1078 3019 1584 3098 Inundaverunt,

401 3126 469 3186 id
517 3130 646 3188 est:
694 3133 1062 3205 grassantur
1105 3127 1207 3192 vel
1250 3127 1493 3207 ubique
1540 3125 1894 3190 abundant·

834 3284 1108 3365 Sanguis
1155 3286 1539 3371 sanguinem
1585 3285 1815 3366 tetigit,
1828 3280 1855 3318 ²

405 3390 493 3454 ein
537 3388 995 3474 btutnorgifssunq
1055 3389 1158 3457 nBr
1202 3392 1272 3475 bt)
1318 3392 1517 3459 nubere
1531 3439 1551 3472 ,
1610 3393 1680 3455 id
1727 3398 1850 3456 est:
1914 3398 2127 3457 reatus
2172 3394 2285 3458 vel

405 3478 641 3542 clamor
686 3481 767 3542 de
813 3482 1018 3544 effuso
1063 3481 1376 3561 sanguine
1420 3483 1528 3547 vel·
1566 3481 1853 3547 vindicta
1896 3487 2013 3546 etc.

585 3652 638 3722 1)
675 3671 726 3709 v.
767 3654 814 3706 1.
888 3653 944 3722 2)
982 3672 1034 3710 v.
1073 3654 1123 3708 2.
