2575 4225
209 255 275 317 112
540 253 646 334 Caput
669 257 820 333 quartum

360 429 364 436 ’
461 429 546 504 Quia
568 430 654 493 bona
671 429 744 493 ¹erat
765 431 890 493 umbra.
923 449 924 454 ¹
976 429 979 434 '

209 539 272 648 Aa
292 560 365 614 svis
385 536 568 617 impietates
591 535 797 619 potissimum
825 536 988 615 elegerunt
1015 543 1047 600 et
1068 537 1150 613 loca,

276 625 334 687 ubi
355 632 389 688 et
411 625 588 688 amoenitas
604 632 636 688 et
651 627 799 707 voluptas
818 630 910 687 esset.
943 626 1024 687 Tam
1040 645 1153 688 secura

208 715 279 777 vult
301 734 370 776 esse
392 714 495 795 impia
517 713 663 778 doctrina
692 733 768 776 suae
799 714 986 795 voluptatis,
1017 720 1055 777 ut
1078 735 1153 776 eam

210 823 276 865 non
306 803 501 884 simplicem,
538 803 594 866 sed
624 803 819 883 exquisitam
846 803 957 882 eligat,
992 803 1091 883 idque
1115 804 1153 866 in

209 890 480 954 commodissimis
502 892 591 955 loeis.

489 1070 532 1132 Et
554 1070 653 1132 nolite
676 1068 800 1149 ingredi
823 1069 867 1134 in.

210 1174 256 1287 In
283 1201 351 1254 rsr,
386 1182 515 1240 manete
549 1176 585 1237 in
613 1176 832 1252 Hierusalem,
869 1176 968 1238 nolite
999 1195 1151 1254 quaerere

263 1267 353 1329 vobis
388 1266 451 1328 alia
483 1266 554 1328 loea
588 1264 630 1326 ad
664 1266 787 1326 eultum
822 1263 884 1326 dei.
930 1265 1152 1348 Hieronymus

211 1375 269 1438 pro
284 1355 437 1417 Bethavel
451 1353 564 1416 Bethel
586 1353 741 1429 nominat,
765 1359 933 1434 propterea
953 1352 1041 1432 quod
1055 1353 1153 1415 urbes

212 1443 335 1506 vicinae
358 1443 432 1518 sint,
456 1462 561 1523 neque
584 1447 748 1522 praeterea
777 1443 951 1522 quiequam
974 1441 1093 1521 egregii
1115 1441 1154 1504 in

211 1553 250 1596 ea
273 1538 400 1610 gestum
439 1531 495 1607 sit,
536 1530 624 1610 quod
657 1537 825 1612 propterea
860 1531 1008 1612 proprius
1044 1529 1153 1594 cultus

212 1620 383 1701 erigendus
406 1625 497 1682 esset.
543 1620 627 1681 Nam
651 1620 797 1683 solebant
818 1619 931 1682 Iudaei
945 1619 1155 1700 potissimum

212 1710 248 1772 in
269 1710 321 1772 his
343 1709 422 1772 locis
444 1709 589 1790 proprios
612 1709 717 1771 cultus
740 1708 868 1788 erigere,
892 1708 950 1771 ubi
972 1708 1052 1788 quid
1067 1727 1153 1788 egre·

213 1798 258 1878 gii
280 1798 403 1860 factum
426 1803 502 1873 erat,
525 1797 576 1859 vel
598 1796 657 1858 ubi
679 1797 869 1878 prophetae,
899 1798 949 1862 vel
971 1797 1028 1859 ubi
1050 1817 1153 1877 reges,

212 1887 264 1950 vel
285 1885 421 1966 insignis
444 1885 577 1948 11110111
599 1884 722 1948 fuisset.
768 1885 913 1948 Arbitror
934 1906 994 1965 ego
1017 1886 1154 1967 prophe-

212 1982 280 2038 tam
303 1974 496 2054 indignitate
520 1974 628 2052 aliqua
650 1974 804 2038 Bethavel
832 1965 1030 2050 seminasse,
1063 1975 1156 2054 quod

212 2070 306 2128 senat
329 2063 463 2127 domum
485 2062 675 2143 iniquitatis,
700 2068 733 2126 et
754 2084 821 2127 non
843 2064 970 2141 Bethel,
995 2063 1083 2144 quod
1106 2084 1154 2127 so·

212 2158 271 2215 nat
293 2152 427 2214 domum
449 2151 569 2231 gaudii,
715 2166 717 2172 “

446 2337 520 2400 Non
543 2343 654 2418 pascet
676 2358 729 2401 eos
753 2338 913 2401 dominus.
1037 2384 1039 2387 -

264 2468 428 2510 msouruvs
450 2444 677 2525 interpretatur
699 2445 761 2507 hoe
784 2443 824 2506 de
847 2444 1030 2525 captivitate
1051 2444 1155 2524 Syria-

286 2555 332 2597 ca.
379 2536 448 2614 Ego
470 2534 517 2595 ita
538 2533 692 2613 intellige,
717 2553 791 2595 eum
807 2553 935 2613 pascere
951 2553 1064 2613 agmm
1088 2554 1158 2597 non

213 2623 257 2684 sit
279 2624 383 2684 malae
399 2622 642 2701 significationis
666 2622 890 2703 inscriptura:
915 2623 1009 2706 quasi
1024 2622 1154 2700 diceret,

213 2710 284 2773 sine
307 2711 456 2773 Israelem
479 2710 526 2772 ire
549 2730 624 2773 suos
647 2710 796 2774 dbtortas
820 2716 853 2773 et
874 2710 991 2792 impias
1015 2712 1097 2787 vias,
1122 2718 1157 2775 te

213 2799 324 2879 ipsum
358 2804 480 2880 pascet·
501 2798 670 2875 dominus,
706 2800 790 2862 sieut
823 2820 979 2880 agnorum
1014 2820 1155 2880 gregem,
1239 2854 1242 2861 .

214 2888 276 2951 eris
306 2889 336 2950 ei
366 2908 446 2974 grerr
473 2888 636 2964 amabilis,
668 2907 766 2967 quem
807 2872 917 2970 p'aseet
950 2883 1091 2970 spatioso
1123 2896 1158 2953 et

213 2978 347 3040 amabili
369 2979 449 3054 loeo,
474 2977 502 3039 si
525 2997 591 3039 non
615 2976 792 3039 declinabis
815 2976 857 3039 ad
879 2979 1039 3041 Israelem.

466 3164 595 3244 Ligabit
617 3184 693 3228 eum
715 3172 830 3228 ventus
853 3166 896 3225 in.

214 3264 324 3379 0111111
348 3270 435 3332 dieta
457 3270 497 3372 de
520 3271 619 3373 Israel
654 3278 686 3374 et
719 3271 814 3347 Iuda,
844 3278 959 3375 ventus
982 3291 1056 3375 ergo
1079 3272 1156 3353 liga·

274 3361 323 3424 brt
345 3359 444 3421 Israel
478 3379 513 3419 111
548 3360 606 3421 ahs
629 3378 705 3423 suis.
751 3358 817 3424 1911
840 3360 914 3425 lamb
936 3359 992 3442 batt
1006 3376 1037 3426 m
1053 3360 1140 3445 petat

54 3447 152 3538 9331
214 3446 250 3508 id
273 3455 330 3521 est,
354 3448 526 3528 rapiuntur
553 3454 662 3524 vente,
693 3448 775 3510 sicut
805 3449 882 3525 avis,
914 3469 1012 3528 quem
1039 3457 1138 3513 ventu

71 3540 130 3622 1
215 3534 249 3597 vi
271 3538 364 3618 rapit.
411 3537 594 3618 Rapiuntur
626 3535 713 3598 enim
743 3542 838 3600 vente
868 3536 994 3619 impetu
1022 3538 1131 3603 fornia

215 3621 314 3693 tionis
333 3626 372 3687 in
395 3627 505 3688 omnia
528 3626 653 3689 scelera.
700 3625 828 3687 Abeant
850 3646 925 3707 ergo
940 3626 997 3702 illi,
1022 3648 1127 3708 pereat

62 3707 125 3786 1
214 3718 291 3775 utut
312 3713 421 3789 velint,
445 3715 543 3778 modo
565 3729 633 3777 non
655 3728 764 3777 seeum
787 3714 908 3779 ducant
930 3715 1055 3779 Iudam.
