2575 4225
212 281 277 343 458
461 279 575 360 Caput
587 279 719 342 tertium
742 276 905 340 decimum

256 456 358 569 Inoo
392 461 509 520 erunt
545 457 663 536 quasi
699 454 825 518 nubes
860 452 1080 528 matutina,
1111 459 1158 518 ct

303 546 418 627 quasi
446 566 509 609 ros
537 565 654 608 mane
678 544 858 620 veniens,
888 549 928 605 et
950 542 1066 606 'sicut
1089 563 1155 622 pa·

256 637 333 711 loa,
367 653 485 716 quam
513 639 660 698 ventus
688 632 872 714 dispellit
898 632 942 694 in
972 651 1078 708 area,
1114 637 1157 694 et

256 725 371 789 velut
393 724 525 787 fumus
549 724 617 804 qui
640 723 686 786 de
709 724 891 786 fenestra
913 720 1092 802 pellitur.

212 902 331 1014 Supra
352 903 388 964 in
411 908 501 966 sexto
525 901 629 982 capito
653 900 865 964 similitudine
887 899 1068 963 matutinae
1096 919 1154 962 nu-

267 993 372 1055 biset
399 992 479 1054 roris
508 995 557 1053 est
583 1009 679 1067 usus,
712 1009 786 1053 cum
815 990 1032 1052 consolaretur
1059 989 1153 1050 eccle-

213 1083 296 1144 siam
317 1080 584 1162 promissionibus
612 1079 705 1160 regni
728 1079 860 1155 Christi,
889 1078 999 1158 itaque
1027 1079 1090 1141 hoc
1118 1077 1155 1139 in

212 1173 292 1248 loco,
317 1172 346 1234 si
367 1171 441 1250 quis
464 1168 602 1231 eandem
625 1168 818 1230 sententiam
839 1168 975 1230 retinere
990 1167 1085 1242 volet,
1110 1166 1153 1228 fa-

212 1261 282 1322 cilis
306 1260 478 1341 applicatio
501 1265 559 1334 est,
584 1257 672 1338 quod
696 1257 817 1320 scilicet
839 1276 992 1338 precones
1007 1255 1154 1336 impieta·

213 1350 256 1411 tis
286 1354 319 1411 et
350 1347 517 1412 idolatriae
551 1347 661 1410 omnia
695 1346 887 1427 promittant
920 1366 962 1406 ex
995 1345 1157 1426 sententia

213 1456 399 1499 successura
419 1437 469 1512 iis,
493 1436 551 1515 qui
573 1435 709 1499 usitatos
732 1436 836 1498 cultus
858 1434 1059 1498 retinuerint.

303 1524 366 1586 Sed
389 1525 547 1605 propheta
569 1524 700 1587 subiicit
722 1524 915 1587 contrariam
944 1522 1154 1586 sententiam:

213 1615 286 1676 Non
317 1613 405 1676 eritis
435 1613 520 1676 siout
547 1613 651 1675 nubes
680 1613 856 1690 matutina,
892 1632 952 1675 nec
986 1612 1071 1675 sicut
1104 1630 1156 1673 ros

213 1721 310 1765 mane
339 1702 472 1778 cadens,
508 1701 588 1782 quin
618 1702 728 1783 potius
758 1702 845 1764 eritis
876 1701 959 1765 sicut
992 1701 1087 1782 palea
1121 1701 1157 1762 in

214 1813 303 1869 area,
335 1798 368 1854 et
389 1793 500 1855 fumus
523 1792 559 1852 in
582 1791 737 1867 fenestra,
767 1797 919 1855 neutrum
942 1791 1032 1854 enim
1055 1789 1157 1853 consi·

214 1886 297 1944 atero
320 1886 434 1962 potest,
459 1881 516 1944 sed
539 1880 572 1944 vi
593 1880 733 1960 pellitur.

303 1971 386 2032 Mihi
408 1976 518 2033 tamen
539 1969 667 2032 videtur
690 1968 813 2050 aptius,
844 1968 872 2032 ai
896 1967 996 2031 etiam
1018 1967 1059 2030 de
1086 1985 1158 2032 rore

214 2066 248 2121 et
270 2060 356 2123 nube
379 2058 558 2122 similitudo
576 2058 790 2139 coniungatur
808 2077 883 2121 cum
897 2058 992 2139 palea
1006 2063 1040 2120 et
1054 2057 1157 2121 fumo.
1256 2120 1264 2129 ,

214 2150 298 2210 Nam
320 2149 479 2229 propheta
500 2148 562 2211 hoc
584 2150 620 2210 in
640 2149 722 2225 loco,
746 2168 813 2210 non
835 2152 873 2209 ut
895 2166 1001 2227 supra,
1025 2147 1160 2228 respicit

215 2236 256 2297 ad
279 2237 563 2313 humectationem,
592 2257 675 2318 quae
698 2237 860 2301 sitientem
883 2241 1002 2298 terram
1022 2242 1058 2299 ‘et
1082 2236 1159 2300 solia

215 2325 382 2389 ardoribus
405 2346 487 2407 pene
510 2328 704 2411 exhaustam
725 2331 855 2402 recreat,
880 2324 937 2389 sed
957 2325 999 2386 ad
1014 2324 1160 2389 subitam

213 2417 438 2479 mutationem.
486 2415 556 2478 Etsi
579 2415 669 2477 enim
690 2415 792 2477 nubes
823 2434 920 2476 mane
947 2434 1082 2495 surgens
1113 2414 1159 2479 vi-

213 2506 329 2567 deatur
351 2510 457 2568 totum
480 2505 606 2567 coelum
628 2509 840 2585 occupatura,
864 2508 975 2565 tamen
998 2504 1159 2584 paulatim

213 2600 248 2655 ot
269 2594 359 2656 brevi
381 2593 535 2673 temporis
563 2593 672 2674 spacio
702 2593 748 2656 sic
779 2613 798 2654 a
828 2593 893 2655 sole
923 2592 1088 2669 hauritur,
1120 2598 1160 2656 ut

214 2682 341 2743 nullum
363 2701 503 2759 usquam
525 2682 725 2760 relinquatur
748 2680 817 2744 eius
835 2680 1017 2760 vestigium.
1063 2679 1159 2744 Idem

213 2770 250 2829 in
280 2788 350 2830 rore
380 2768 541 2845 videmus,
569 2771 628 2847 qui
656 2770 717 2833 etsi
743 2772 807 2833 lato
837 2790 970 2851 campos
1000 2776 1033 2832 et
1064 2790 1158 2851 agros

214 2863 362 2938 occupet,
398 2862 509 2920 tamen
536 2858 694 2939 paulatim
721 2858 904 2935 absumitur
935 2878 955 2920 a
983 2860 1059 2921 sole.
1100 2860 1159 2941 ita

214 2946 358 3009 minatur
384 2966 521 3027 regnum
551 2967 680 3028 quoque
703 2949 801 3011 Israel
828 2948 1009 3029 periturum
1036 2947 1156 3025 subito,

214 3056 282 3098 nec
306 3037 374 3098 ulla
405 3038 457 3099 vel
489 3036 637 3118 potentia
669 3038 721 3102 vel
760 3037 892 3101 consilio
929 3036 991 3099 hoc
1032 3037 1158 3101 malum
1257 3114 1263 3119 .

215 3124 315 3190 auerti
336 3145 431 3207 posse
455 3126 605 3189 ostendit.
1128 3162 1130 3167 v

303 3214 427 3276 Eadem
457 3214 594 3277 aliarum
624 3213 878 3277 similitudinum
905 3214 1067 3279 sententia
1098 3220 1156 3277 cst.

214 3303 295 3380 Non,
320 3309 358 3366 ut
380 3323 449 3380 nos,
472 3304 509 3365 in
530 3304 654 3367 horreis
677 3308 710 3367 et
727 3303 897 3381 subtecto,
922 3302 979 3366 sed
994 3304 1031 3365 in
1046 3308 1157 3385 aperto
1272 3298 1276 3345 ἱ

214 3413 329 3474 campo
356 3392 552 3456 triturabant
581 3392 694 3456 Iudaei
728 3397 864 3472 segetes,
899 3392 1010 3472 itaque
1045 3393 1134 3473 palea

214 3482 306 3544 facile
335 3488 369 3545 et
397 3481 504 3545 subito
523 3482 793 3563 dispellebantur.
840 3480 964 3545 Eodem
987 3480 1089 3545 modo
1112 3481 1131 3543 h

214 3571 280 3631 rael
303 3569 542 3651 dispellendum
564 3572 716 3633 minattu.
959 3649 962 3652 .

303 3659 427 3722 Fumus
450 3679 579 3740 quoque
602 3679 765 3740 nusquam
787 3658 1026 3739 minuspotest
1055 3676 1131 3721 cons

214 3753 296 3809 stare
320 3766 420 3825 quam
442 3747 478 3809 in
500 3748 732 3825 fenestra,·ibi
755 3748 843 3811 enim
866 3748 898 3811 vi
921 3746 1008 3811 venti
1031 3766 1127 3827 prope
