2575 4225
472 250 598 313 Hoseae
621 250 807 332 prophetae.
1043 251 1109 317 279
1162 291 1167 303 ι

602 429 676 491 ΙΠΙ.

262 550 374 615 vdite
397 552 990 631 verbumdominifiliilsrael,
1016 514 1153 635 quia.-

277 639 331 701 lis
355 639 518 702 domino
541 646 677 703 eontra
699 641 946 705 habitatores
970 650 1104 721 terrae,

210 824 280 881 rote
303 818 365 880 hoo
387 818 456 884 loeo
488 817 640 880 distincta
670 824 746 881 eunt
777 820 898 899 capita,
930 832 1005 884 nam
1036 844 1105 903 pro·

232 907 333 988 pheta
361 906 414 989 hie
442 927 559 969 novam
586 908 773 970 concionem
803 909 955 986 instituit,
988 912 1106 973 nostris

165 996 366 1076 temporibus
389 996 435 1057 ita
457 996 715 1071 convenientem,
746 1003 783 1059 ut
806 1018 871 1059 non
894 998 934 1060 de
966 1018 1023 1061 suo
1052 1020 1104 1081 po

163 1086 253 1165 pulo,
278 1084 334 1146 sed
358 1084 398 1147 de
421 1084 515 1147 nobis
538 1085 749 1148 vaticinatum
764 1104 832 1147 esse
848 1087 967 1149 eredas.
1003 1088 1106 1151 Multa

162 1178 255 1249 aunt,
289 1173 469 1253 exquibus
492 1173 640 1235 homines
664 1174 781 1239 eruditi
804 1175 986 1237 futurorum
1015 1196 1104 1239 even·

163 1268 260 1324 tuum
292 1262 535 1341 significationis
563 1262 732 1342 eolligunt,
770 1284 846 1333 nam
881 1270 913 1326 et
946 1271 1103 1346 portenta,

164 1370 249 1431 quae
279 1351 401 1431 passim
429 1351 590 1427 visuntur,
620 1352 703 1413 nihil
731 1352 922 1433 pollicentur
952 1354 1044 1429 boni,
1074 1362 1106 1417 et
1156 1430 1161 1435 q

162 1440 237 1521 ipsa
265 1439 399 1519 negocia
426 1440 585 1521 paulatim
613 1440 806 1503 delabuntur
836 1462 886 1518 eo,
922 1448 959 1507 ut
986 1450 1105 1505 certam

162 1529 389 1591 eonfusionem
405 1529 552 1591 omnium
567 1528 719 1592 ordinum
730 1530 861 1592 tandem
874 1531 966 1612 sequi
977 1552 1105 1595 neeesse

162 1612 236 1680 sit.¹
277 1617 349 1678 'Sed
380 1618 523 1698 profecto
551 1619 728 1680 certissima
761 1620 991 1699 impenditium
1026 1622 1104 1683 cala-

164 1707 319 1768 mitatum
341 1706 461 1768 indicia
484 1712 651 1769 sumunter
674 1728 715 1769 ex
730 1708 882 1785 moribus
907 1709 1104 1788 usqueadeo

161 1794 322 1877 corruptis
346 1800 379 1857 et
400 1795 591 1876 depravatio.
637 1797 684 1858 Ao
708 1816 784 1857 eum
806 1796 867 1859 hoe
891 1817 1004 1877 genere
1027 1797 1103 1860 divi·

160 1884 319 1959 nationis,
356 1884 443 1964 quod
474 1883 515 1945 e‘x
543 1885 687 1947 moribus
723 1885 874 1961 sumitur,
911 1886 1105 1949 conveniunt

161 1973 395 2054 prophetarum
419 1973 578 2036 vatieinia.
619 1973 698 2047 Quis
719 1973 806 2035 enim
823 1994 888 2036 non
903 1974 1000 2049 videt,
1026 1974 1104 2053 quid

162 2061 200 2123 in
224 2081 283 2124 suo
306 2063 426 2143 populo
441 2062 656 2143 reprehendat
670 2063 800 2126 Hosea?
824 2062 885 2125 Sed
902 2082 976 2126 eum
992 2063 1105 2126 eadem

160 2157 348 2214 nostrorum
360 2158 543 2233 temporum
554 2151 638 2215 vicia
650 2153 691 2214 ob
704 2152 811 2214 oculos
824 2153 904 2229 sint,
918 2174 1035 2233 magno
1047 2154 1104 2215 im·

160 2245 242 2320 petu
258 2241 446 2319 grassantia,
463 2260 543 2302 num
559 2240 781 2303 dubitabimus
794 2241 833 2302 de
850 2243 947 2304 simili
964 2243 1104 2309 eventu?

254 2325 414 2391 *Pertinet
437 2329 535 2408 igitur
555 2330 637 2392 haee
661 2331 770 2392 eonoio
795 2329 836 2391 ad
859 2332 1102 2411 poenitentiam,

161 2423 201 2479 ut
223 2418 273 2498 pii
296 2438 329 2480 se
352 2424 385 2481 et
406 2419 546 2480 familias
569 2438 643 2480 suas
667 2419 836 2497 diligenter
857 2419 983 2482 discant
998 2439 1104 2498 regere

160 2506 199 2567 in
222 2508 337 2569 timore
361 2507 423 2569 dei.
470 2507 541 2570 Etsi
564 2507 653 2568 enim
671 2507 778 2570 fatalis
795 2508 959 2569 calamitas
976 2507 1103 2570 Germa·

162 2595 238 2657 niae
261 2595 438 2676 impendet,
463 2601 573 2660 tamen
596 2596 653 2675 qui
675 2596 711 2658 in
726 2597 840 2658 timore
856 2602 964 2658 sancte
980 2596 1102 2672 vivunt,

161 2691 197 2745 et
219 2685 358 2763 vulgatis
381 2685 570 2747 criminibus
590 2705 623 2746 se
639 2705 706 2748 uon
722 2685 951 2762 contaminant,
975 2686 1035 2748 hos
1051 2685 1102 2748 do·

161 2773 288 2850 minus,
319 2774 402 2838 sieut
423 2774 591 2836 Danielem
615 2778 647 2835 et
670 2774 770 2837 socios
793 2775 878 2850 eius,
907 2775 1050 2838 tuebitur
1073 2770 1104 2860 &l

160 2862 313 2938 servabit,
337 2868 375 2925 ut
398 2862 538 2924 sentiant
560 2863 683 2942 premia
706 2864 850 2943 pietatis,
880 2863 963 2925 sieut
988 2863 1104 2942 reliqui

161 2956 370 3029 peecatorum
393 2951 523 3014 meritas
545 2971 666 3032 poenas
690 2952 843 3013 sentiunt.

253 3040 413 3102 Praefatio
436 3041 625 3118 gravissima
648 3045 710 3116 est,
742 3058 840 3119 quam
864 3037 1016 3101 vaticinio
1046 3059 1103 3100 suo

161 3126 256 3190 addit
274 3129 392 3205 Hosea,
417 3149 495 3190 nam
517 3128 651 3193 verbum
675 3128 800 3190 domini
823 3147 856 3190 se
879 3128 990 3188 afferre
1014 3126 1102 3189 dieii.

160 3216 278 3295 ltaque
302 3237 398 3280 nemo
421 3217 555 3293 dubitet,
581 3217 662 3297 quin
678 3223 763 3279 certo
779 3224 926 3279 secutura
942 3217 1006 3278 sint
1022 3236 1104 3294 quae

160 3305 316 3368 minatur.
363 3307 406 3369 llt
428 3306 546 3368 durum
569 3311 630 3380 est,
661 3305 748 3385 quod
772 3305 912 3366 affirmat
935 3305 1104 3366 dominum

162 3392 282 3456 habere
301 3391 396 3456 litem
420 3400 530 3457 eontra
552 3395 720 3475 populum.
768 3394 848 3467 Quis
878 3394 967 3455 enirn
996 3393 1031 3454 in
1066 3389 1104 3454 eo

256 3569 283 3635 1)
302 3550 501 3622 Iudicium'de
519 3567 624 3621 futuris
643 3567 766 3620 sumitur
785 3583 822 3620 ex
840 3567 976 3621 moribus.

256 3727 281 3796 *)
300 3729 336 3781 In
353 3745 441 3794 marg.
460 3728 521 3782 coll.
541 3728 624 3781 Ien.:-
635 3725 741 3781 Coneio
758 3727 962 3794 poenitentiae.
