2575 4225
24 1660 32 1926 „ss--.-——.-v„
26 1590 29 1593 ,

26 2162 35 2241 νὴ,

872 290 1124 352 Hoseae
1172 290 1541 371 prophetae.
2029 291 2153 347 413

257 476 447 545 sunt,
509 486 732 531 semen
775 466 846 528 in
892 465 1073 543 sinu,
1134 466 1272 528 falx
1317 466 1388 529 in
1433 466 1686 541 dextra,
1750 471 2029 528 aratrmn
2089 471 2157 527 in

261 557 531 623 sinistra
582 574 812 631 manu,
874 554 1214 618 assiduum
1274 554 1567 619 studium
1624 555 1835 632 verbi,
1903 555 2157 619 dist-etim

263 646 578 730 proximi,
643 651 708 708 et
751 644 1161 706 mortificatio
1208 644 1440 707 carnis.
1533 645 1613 707 In
1656 644 1761 705 his
1807 643 1973 725 posit
1985 667 2017 703 a
2065 655 2157 707 ffi—-t

263 737 402 801 vita
446 733 828 810 Christiana,
877 752 952 795 ac
996 732 1295 796 futurum
1339 739 1461 809 est,
1523 732 1637 815 qui
1682 732 1766 794 ad
1809 732 1985 795 hunt]
2037 755 2157 795 mer

261 826 431 889 dum
477 843 547 886 se
592 821 663 885 in
706 821 967 904 pietatis
1014 841 1165 901 agro
1213 828 1543 898 exercent,
1591 826 1668 883 ut
1709 820 1784 882 hi
1826 821 2157 884 invffliiffln

264 912 635 988 dominum,
683 909 799 991 qui
844 910 1172 973 iusticiam
1202 909 1488 991 depluat,
1537 909 1653 991 qui
1697 910 1989 989 ignoscat.
2025 931 2157 991 μυρ-

265 1008 417 1066 cata
433 1052 447 1078 ,
510 1007 577 1063 et
621 1000 803 1063 omni
848 1019 1078 1079 genere
1134 1000 1454 1063 bonorum
1501 998 1935 1081 spiritualium
1981 1011 2157 1063 urunt

265 1111 453 1167 suOS,
533 1088 890 1152 secundum
945 1088 1184 1150 Christi
1248 1084 1569 1152 dictum:*
1641 1087 1838 1152 Omni
1896 1088 2157 1151 hnmani

210 1185 238 1191 “
265 1180 554 1243 dabitur.
618 1179 765 1241 Non
810 1177 985 1239 enim
1018 1176 1416 1242 Christianos
1463 1178 1648 1241 decet
1688 1177 1953 1256 ignavos
2005 1199 2157 1251 mse,

272 1276 533 1333 strenue
588 1266 1017 1329 laborandum
1078 1270 1202 1342 est,
1264 1272 1329 1329 et
1374 1266 1709 1330 adiuvabit
1769 1264 1997 1346 spiritu
2049 1287 2161 1327 sun

275 1358 642 1421 laborantes
689 1355 1013 1418 dominus.

275 1511 293 1521 ,
456 1444 822 1526 Depluendi
874 1442 1143 1508 verbum
1192 1444 1372 1519 ,Iore‘
1432 1443 1630 1507 etiam
1689 1443 1913 1507 docere
1977 1445 2161 1523 signi-

276 1538 457 1611 ficat,
519 1535 685 1596 sicut
741 1533 887 1595 Esa.
952 1528 1130 1595 285⁸*
1230 1533 1342 1609 ‚Es
1395 1533 1491 1594 mi
1546 1533 1676 1594 iore
1733 1532 1904 1596 daas‘
1973 1555 2165 1611 quem

274 1623 540 1687 docebit
584 1622 966 1685 scientiam}>
1056 1622 1279 1700 Neque
1325 1620 1543 1702 inepte
1587 1621 1698 1683 hio
1733 1642 1989 1703 quoquc:
2041 1647 2109 1683 τυ.
2121 1647 2161 1683 1·-

277 1719 553 1788 teretur,
622 1717 687 1774 et
745 1710 1000 1773 docebit
1055 1709 1360 1772 dominus
1430 1709 1753 1772 iusticiam
1771 1760 1786 1786 ,
1859 1711 1965 1773 sed
2037 1715 2161 1771 visa

277 1807 383 1865 est
426 1799 762 1864 retinenda
804 1799 1204 1881 metaphora,
1254 1798 1429 1877 quod
1475 1798 1556 1861 de
1601 1818 1753 1877 agro
1800 1804 1866 1861 et
1909 1803 2165 1859 fustist-z

277 1890 496 1974 operis
542 1888 859 1971 propheta
901 1888 1011 1950 hic
1057 1887 1209 1967 agit.

461 1977 763 2041 Notanda
809 1996 1066 2058 quoque
1124 1977 1377 2057 phrasis
1422 1977 1548 2039 hoc
1593 1975 1663 2037 in
1705 1976 1845 2039 loco
1893 1987 2013 2044 esi,
2081 2007 2165 2039 :uz-

201 2150 210 2157 ,
284 2067 531 2131 minate
587 2066 797 2143 vobis,
881 2071 1053 2129 arate
1118 2065 1304 2129 vobis
1344 2065 1666 2142 „Iachem‘
1726 2065 1850 2128 hoc
1909 2075 2037 2140 est,
2105 2067 2165 2128 in

284 2163 572 2220 vestrum
646 2175 869 2231 usum,
947 2155 1131 2218 vobis
1201 2155 1520 2236 proderit,
1600 2155 1656 2217 si
1715 2155 2165 2217 siminawriffi:

282 2246 629 2321 iusticiam,
680 2244 735 2306 si
783 2243 1005 2307 sedulo
1052 2244 1380 2308 araveritis
1426 2249 1547 2307 etc.

375 2404 721 2515 Anastis
776 2403 1318 2485 impietatem,
1392 2404 1913 2483 iniquitatem
1977 2428 2169 2464 wm-

511 2491 2169 2568 suistis,comedistisfructummend:1··ii,

376 2583 567 2663 quia
612 2581 976 2648 confisus
1036 2601 1116 2643 es
1175 2580 1253 2642 in
1309 2580 1444 2644 via
1494 2586 1664 2657 tua,
1726 2586 1800 2643 et
1858 2579 1933 2642 in
1985 2584 2173 2640 mul-

377 2670 749 2735 titudine
796 2669 1137 2732 fortium
1180 2674 1516 2732 tuorum.

289 2830 618 2941 Impietas
666 2835 875 2891 aratro
923 2834 1058 2892 erat
1088 2828 1513 2905 excindenda,
1565 2830 1678 2891 sed
1722 2850 1834 2893 vos
1866 2850 2005 2892 eam
2057 2840 2173 2892 ,sta-

386 2919 611 2995 bilius,
659 2924 735 2981 ut
764 2917 1010 2980 radices
1058 2923 1223 2997 agat.
1287 2918 1464 2978 Hinc
1511 2918 1684 2979 enati
1730 2923 1882 2979 sunt
1913 2920 2173 2996 praa-iuri

291 3010 558 3084 fructus,
609 3011 674 3069 et
718 3007 948 3068 messis
995 3011 1213 3068 secuta
1242 3006 1507 3084 peccati,
1555 3011 1731 3068 totus
1764 3006 1933 3068 enim
1973 3008 2177 3068 nullm·

292 3097 460 3160 nihil
505 3102 619 3172 est,
669 3094 798 3156 nisi
828 3095 1206 3176 hypocrisis,
1255 3095 1378 3155 hac
1408 3093 1638 3170 fidunt,
1687 3095 1812 3156 hac
1847 3113 1913 3156 se
1949 3112 2170 3176 lunum

293 3191 469 3249 tutos
515 3185 668 3259 fore,
718 3183 833 3245 sed
877 3185 1227 3246 mentietur
1272 3183 1364 3245 eis
1412 3202 1557 3264 spes
1603 3183 1909 3263 ipsorum.

483 3269 744 3335 ¹Fortes
791 3278 977 3335 vocat
1025 3273 1156 3335 sive
1195 3271 1502 3347 doctores,
1553 3272 1667 3351 qui
1712 3271 2025 3353 impiet-nli
2081 3296 2173 3348 pa-

299 3363 799 3437 trocinabantur,
852 3363 983 3426 sive
1016 3379 1195 3441 reges
1242 3366 1310 3423 et
1343 3361 1682 3441 principes.
1778 3360 1973 3441 Saepr¹
2013 3364 2181 3420 ratim

476 3537 531 3605 1)
574 3537 887 3590 Fortes.”*

485 3696 535 3763 ¹⁸²)
583 3698 654 3750 In
690 3713 865 3763 marg.
905 3697 1028 3749 c'oll.
1069 3667 1219 3749 Ien,:
1256 3669 1446 3749 Lucae
1483 3696 1533 3748 8.
1609 3695 1690 3764 ”)
1741 3696 1812 3748 In
1849 3712 2017 3756 mat-,2
2065 3700 2181 3748 mli.

344 3783 462 3821 en.:
497 3767 707 3821 Esaiae
744 3767 829 3821 28.
907 3766 1020 3834 Ι·“··“·’)
1059 3767 1237 3821 Deest
1270 3767 1335 3820 in
1372 3767 1495 3821 coll.
1535 3767 1652 3820 Ien.
