2575 4225
448 270 548 333 Oreas
570 269 754 352 prophetae.
1032 270 1073 335 15

130 442 212 509 Inde
239 446 327 511 facta
354 452 403 511 est
431 446 635 528 idouopauin
666 466 794 529 quoque
821 446 968 512 exterior.
1014 449 1072 511 De

131 555 244 600 mones
268 556 335 599 non
359 535 489 600 aiebant
511 556 545 600 sc
568 538 671 601 colera
692 537 766 601 illae
780 542 892 617 gentes
907 544 965 601 aut
978 538 1073 619 impii

130 622 254 701 Iudaei,
280 624 338 688 sed
354 624 461 689 deum.
508 624 573 691 Ista
595 624 674 689 Baal
696 630 746 689 est
773 625 853 690 deus
880 623 938 706 qui
960 626 1074 690 eduxit

131 733 189 776 nos
213 716 256 776 'ex
278 713 416 795 Egypeo,
440 714 495 778 isti
514 712 607 778 vituli
622 714 711 778 aurei
734 720 812 778 sunt
832 714 880 777 dii
894 720 954 779 etc.
1000 716 1074 778 Non

131 801 271 865 audiunt
293 802 402 883 impii:
428 801 491 865 fide
515 803 575 866 deo
606 808 639 867 et
668 802 855 880 salvaberis,
887 803 944 866 sed
970 804 1071 884 ingre·

131 890 205 954 dere
221 891 258 953 in
281 891 512 954 monasterium
535 898 567 955 at
589 911 648 972 age
671 892 751 955 hacc
772 898 806 955 et
820 892 885 954 illa.
931 893 1072 974 Populus

130 999 261 1060 quoque
296 979 406 1043 seduci
439 980 509 1043 vult
545 986 578 1045 et
614 981 717 1063 impio
739 981 841 1045 cultui
874 980 927 1044 dei
959 980 1074 1045 tribuit

122 1069 242 1132 omnia
265 1088 349 1148 quae
371 1067 497 1151 accipit.

560 1228 638 1291 Baal

128 1334 259 1416 proprie
281 1334 400 1398 dicitur
421 1334 556 1399 maritus
584 1341 617 1399 ct
647 1334 798 1399 dominus
825 1334 936 1399 uxoris
963 1340 996 1397 et
1018 1335 1070 1398 do·

126 1442 212 1487 mus.
259 1422 338 1487 Baal
361 1424 470 1487 coiunt
492 1424 550 1504 qui
572 1425 795 1505 imperfectam
824 1426 926 1489 vitam
954 1426 1070 1487 somni·

126 1519 186 1576 ant
209 1512 270 1575 dcc
294 1513 410 1577 servire
432 1511 496 1575 fide
519 1520 552 1576 et
574 1514 745 1590 charitate,
776 1515 952 1596 perfectam
978 1514 1070 1594 virgi·

126 1600 241 1677 nitate,
266 1607 465 1683 paupertate,
490 1600 702 1665 oboedientia.

520 1773 671 1841 Sumam¹

0 1913 1 1920 ¹
126 1905 187 1965 ego
215 1885 380 1948 frumenta
407 1892 439 1949 et
467 1885 539 1962 alia,
570 1883 697 1948 iniuriis
728 1883 809 1948 aeris
840 1889 872 1948 et
895 1884 974 1948 coeli
1002 1904 1068 1965 per·

126 1974 206 2037 dam
222 1979 255 2037 et
270 1993 383 2054 cogam
398 1974 500 2038 redire
516 1974 558 2037 ad
573 1994 636 2037 ms.
672 1974 858 2037 Gloriantur
868 1974 904 2037 in
919 1973 1069 2054 operibus

0 2095 8 2149 ἶ
126 2069 161 2126 et
183 2063 372 2127 ceremoniis
395 2063 482 2127 unde
505 2064 685 2128 sacerdotes
708 2062 877 2126 abundant
905 2068 938 2126 et
959 2060 1070 2126 fovent

125 2153 325 2234 impietates,
350 2153 444 2232 quasi
459 2152 519 2216 deo
542 2152 684 2235 proximi
714 2152 805 2215 ouius
835 2151 929 2215 donis
951 2151 1068 2233 impin·

0 2244 2 2249 “
125 2247 279 2321 guantur,
305 2261 365 2321 ego
389 2241 534 2305 auferam
557 2248 615 2304 etc.
663 2240 697 2303 Si
720 2247 826 2321 egeret
846 2240 944 2304 hodie
959 2246 1070 2304 venter

0 2338 6 2375 ’τ
124 2349 241 2412 papae,
263 2349 334 2398 non
357 2335 425 2393 tam
448 2330 543 2394 multi
566 2336 673 2394 essent
695 2330 853 2412 Papistae.

351 2508 391 2571 In
414 2507 515 2570 cordis
538 2513 720 2570 amatorum
742 2500 841 2570 eius.8

219 2613 466 2676 confundentur
493 2615 636 2695 percussi
664 2614 706 2676 ab
739 2611 882 2676 inimicis
915 2612 958 2676 ad
988 2630 1068 2693 quos

0 2752 1 2755 ,
124 2702 330 2767 desciverant
353 2702 476 2766 seducti
500 2723 519 2764 a
542 2702 772 2767 seductoribus.

447 2861 519 2924 Hae
541 2856 747 2943 mer[ccdas].³

217 2965 336 3032 Odiosa
359 2967 516 3050 scriptura
538 2967 618 3031 haec
642 2968 767 3052 repetit.

550 3127 641 3190 Eam.

217 3233 329 3315 potius
352 3254 415 3299 eas.

530 3393 665 3458 Bestiae.

217 3505 331 3580 genas
353 3499 560 3566 adversariae.

172 3657 344 3669 u——u—

218 3743 247 3813 1)
266 3761 293 3800 v.
313 3743 338 3842 a.
374 3710 406 3814 ai
421 3761 447 3802 v.
468 3742 510 3798 10.
547 3743 576 3812 3)
594 3761 620 3799 v.
641 3745 684 3798 12.
