2575 4225
222 266 289 333 352
526 268 643 349 .0aput
665 266 842 350 septimum

222 447 286 513 hoc
307 452 365 522 est,
389 445 565 509 instituunt
586 443 748 527 populum¹
768 444 809 507 ad
831 442 1025 521 idolam,
1053 448 1169 524 postea

223 534 429 604 succenditur
449 534 576 610 fornax,
598 535 662 597 hoc
684 540 742 610 est,
766 533 906 615 populus
920 532 1013 598 novis
1028 548 1167 595 ceremo-
1276 568 1278 609 ς

224 625 288 689 niis
311 629 344 686 et
366 623 506 686 cultibus
527 621 683 687 invitatur
705 622 747 685 ad
770 621 964 687 idolatriam.
1010 620 1102 685 Siout
1114 621 1169 684 ‚di-

224 713 282 776 cit:
305 710 413 774 Hodie
435 712 505 775 dies
527 711 610 791 regis
632 711 736 775 nostri
754 716 812 788 est,
835 712 898 774 hoo
912 716 970 788 est,
995 710 1169 789 singularis

224 800 411 867 solennitas.
457 800 561 881 Igitur
586 800 750 882 principes
778 800 815 863 in
845 798 920 862 aula
948 799 1168 881 crapulantur.

225 891 265 955 In
287 888 411 971 templo
432 890 542 952 autem
564 890 661 972 impii
684 890 789 952 cultus
811 888 904 964 fiunt,
929 893 962 950 ct
982 907 1105 967 magna
1122 886 1170 952 in·

224 979 328 1059 gratia
350 978 438 1060 apud
460 998 569 1059 regem
591 984 669 1045 sunt
689 979 808 1041 honrm
830 982 968 1041 autores,
1119 1000 1122 1003 ·

259 1115 261 1120 -
314 1068 388 1131 Non
410 1066 566 1130 dissimile
589 1073 648 1144 est,
673 1066 760 1147 quod
775 1065 887 1145 magni
901 1064 1065 1149 principes
1081 1064 1173 1147 apud

225 1157 451 1220 nosnatalem
474 1176 570 1219 suum
592 1176 712 1236 magna
733 1174 854 1237 pompa
876 1154 913 1217 in
934 1154 1065 1233 templis
1092 1155 1172 1218 cele·

226 1246 337 1322 brant,
369 1245 593 1324 frequentibus
614 1245 723 1308 missis
745 1250 780 1307 et
801 1244 872 1306 aliis
895 1242 1005 1324 impiis
1033 1262 1172 1305 ceremo-

225 1335 299 1396 niis.
345 1328 530 1410 Elusores‚¹
568 1334 653 1397 sicut
684 1334 720 1395 in
756 1333 786 1399 1.
814 1332 940 1413 psalmo
972 1337 1067 1395 vocat
1101 1352 1173 1412 pro·

226 1423 326 1503 pheta
337 1421 465 1501 *impios
481 1421 635 1498 doctores,
661 1422 717 1502 qui
731 1419 973 1502 interpretando
989 1420 1173 1501 depravant

227 1510 428 1590 scripturam.
474 1509 513 1571 Id
536 1515 646 1573 autem
668 1530 741 1573 vere
765 1515 814 1573 est
835 1508 982 1585 illudere,
1011 1514 1086 1572 tum
1107 1508 1173 1572 deo

225 1601 298 1661 tum'
319 1597 517 1661 hominibus.
642 1593 645 1602 '
811 1603 814 1609 “
879 1602 883 1609 ’
929 1603 933 1609 ’

227 1812 232 1819 ,
272 1738 369 1869 θέω
391 1758 541 1821 inidias
565 1764 742 1834 struunt,
760 1777 831 1821 ‘cor
853 1757 1033 1839 ipsorum
1055 1756 1173 1821 ardet

328 1853 438 1910 srcut
466 1847 614 1926 fornax.
662 1846 735 1911 Sed
763 1851 849 1924 tota
877 1852 989 1919 nocte
1018 1846 1173 1925 dormit

272 1936 402 2019 pistor
447 1956 597 2012 eorum,
649 1941 688 1998 et
731 1954 845 1997 mane
891 1935 1009 1998 ardet
1055 1936 1173 2015 quasi

228 2025 619 2105 .flammaignis.··
684 2066 687 2071 ‹

227 2184 392 2298 Pertinet
412 2186 476 2249 hoc
498 2202 626 2266 quoque
650 2184 692 2248 ad
708 2183 897 2260 sacerdotes,
922 2183 980 2264 qui
994 2182 1173 2265 impiorum

289 2272 436 2338 cultuum
450 2280 577 2338 autores
593 2278 678 2336 sunt.
717 2273 773 2350 Hi,
797 2273 913 2354 inquit,
928 2292 1013 2345 cum
1034 2272 1172 2339 insidias

226 2369 366 2452 ponunt,
389 2363 451 2427 hoc
473 2367 531 2444 est,
556 2380 631 2427 eum
653 2361 965 2440 vacantidolatriae,
991 2367 1069 2440 sunt
1089 2363 1174 2425 sicut

171 2470 175 2482 ¹
229 2474 383 2519 succensa
412 2452 543 2529 forman,
576 2449 640 2514 hoc
670 2455 732 2527 est,
765 2449 879 2515 ardent
908 2451 1034 2532 ingenti
1064 2449 1173 2526 studio

229 2543 396 2625 idolatriae
419 2539 589 2621 augendae
608 2543 641 2603 et
658 2538 905 2605 confirmandae.
945 2539 1068 2604 Vident
1083 2539 1174 2604 enim

226 2630 292 2707 hoo
314 2629 412 2693 modo
434 2630 497 2691 sibi
518 2628 645 2690 aditum
668 2647 736 2690 esse
760 2627 802 2690 ad
817 2628 959 2691 favorem
974 2629 1172 2710 principum,

227 2722 264 2778 et
291 2715 400 2778 etiam'
417 2735 486 2778 rem
513 2715 707 2781 familiarem
734 2715 798 2780 hoc
826 2716 924 2779 modo
944 2717 1088 2798 ,pulchre
1111 2719 1173 2782 'au-

230 2809 317 2884 gent.
363 2803 425 2865 Sed
448 2823 515 2865 non
537 2802 654 2866 cadent
675 2804 810 2868 feliciter
831 2806 911 2868 haeo
934 2805 1075 2883 consilia,
1105 2826 1173 2888 per·

226 2893 308 2961 inde
331 2892 423 2958 enim
442 2912 479 2955 ac
501 2891 529 2955 si
551 2891 636 2972 ignis
664 2913 705 2960 ex
734 2913 887 2964 succensa
916 2895 1060 2971 fornace,
1093 2895 1175 2959 dum

231 2983 332 3065 pistor
355 3001 469 3046 somno
496 3001 668 3065 oppressus
699 2981 795 3060 iacet,
825 2988 973 3066 erumpat
1001 2989 1033 3046 et
1062 2984 1176 3046 omnia

119 3093 123 3100 ·
229 3070 382 3135 incendio
409 3071 566 3147 involvat,
600 3071 647 3135 ita
674 3070 827 3138 idolatria,
850 3093 947 3152 regno
974 3072 1074 3136 Israel
1110 3074 1174 3136 exi·

229 3161 277 3223 tio
298 3158 367 3222 erit.

320 3320 418 3376 nnes
457 3301 591 3363 calent
632 3299 737 3364 siout
782 3302 937 3384 fornax,
983 3309 1176 3368 vorantur
1275 3361 1278 3376 ,

227 3407 232 3415 ‘
347 3389 500 3451 iudices
538 3409 686 3465 sorum,
726 3395 847 3470 atque
884 3409 1017 3453 omnes
1060 3412 1143 3473 reg«

228 3498 231 3503 ’
277 3498 415 3541 eorum
451 3478 618 3554 cadunt,
659 3497 772 3541 nemo
806 3485 938 3542 tamen
973 3484 1034 3542 est
1069 3481 1147 3546 inte
1219 3551 1222 3558 ,

277 3586 356 3643 eos,
382 3566 450 3646 qui
473 3567 604 3629 adme
627 3566 780 3631 clamet.

324 3740 351 3808 l)
370 3741 505 3796 Illusores
524 3743 594 3796 mali
612 3741 751 3798 doctores.
820 3763 823 3769 ·
