2575 4225
474 249 573 313 Ozeae
597 250 782 331 prophetae.
1054 249 1096 312 23

156 432 262 492 tatem
275 427 488 508 Αεεγτὶιιωω,
513 426 569 490 sed
591 448 659 491 non
673 427 753 508 legis
768 428 865 490 aliam
880 427 1099 492 reductionem

156 516 310 581 israhelis
333 516 397 580 nisi
419 516 589 617 illamper
611 516 785 581 Christum.

539 675 582 738 lit
604 676 720 739 David.

249 780 379 844 Clarum
405 781 467 844 hoc
489 781 626 862 intelligi
649 782 690 845 de
716 783 900 847 reductione
922 804 981 865 per
1006 802 1098 845 evan·

157 869 282 949 gelium
298 870 340 933 ad
355 870 518 933 Christum
531 870 667 956 pavidis
690 872 794 935 filium
809 879 869 935 etc.
914 873 987 935 Non
1003 871 1097 935 dicit:

159 964 360 1021 revertentur
382 958 424 1021 ad
447 979 543 1021 suum
565 980 674 1040 regem
696 961 832 1035 Israhel,
861 960 904 1023 ad
926 980 985 1023 sua
1007 959 1098 1023 sacri·

157 1047 234 1110 ficia
256 1054 315 1111 ete.
340 1047 397 1111 scd
419 1054 616 1112 revertentur
639 1049 680 1111 ad
703 1069 812 1129 regem
833 1050 915 1112 Iuda
930 1048 1097 1112 Davidem.

600 1206 662 1270 Ad.

250 1312 357 1392 potius
381 1314 477 1395 apud.
524 1314 563 1375 ln
587 1314 786 1390 novissimis,
815 1315 936 1376 idest:
969 1313 1098 1395 posteri·

158 1399 287 1477 oribus,
318 1402 473 1466 falluntur
501 1403 558 1482 qui
587 1403 691 1483 ignari
717 1404 802 1485 tropi
824 1404 1000 1485 scripturae
1023 1402 1101 1465 talia

159 1488 347 1569 intelligrmt
368 1490 409 1553 de
431 1495 574 1554 extremo
596 1492 713 1555 mundi
735 1491 797 1555 die.

451 1650 498 1713 lit·
516 1648 558 1712 ad
579 1649 704 1713 bonum
727 1651 829 1714 eius.-

250 1754 342 1818 Olara
370 1756 469 1820 verba
497 1757 577 1820 haec
607 1757 728 1819 scilicet
754 1758 912 1839 pertinere
941 1756 983 1819 ad
1009 1756 1098 1838 spiri·

83 1924 97 1933 ⁸
157 1842 270 1905 tualia.
294 1845 425 1908 Paulus:
439 1864 480 1907 nc
492 1846 734 1926 blasphemetur
744 1845 868 1909 bonum
879 1851 1026 1909 nostrum
1038 1850 1096 1908 etc.

156 1930 233 1993 Hoc
247 1932 370 1995 bonum
391 1940 441 1997 est
460 1934 672 2014 evangelium
707 1935 785 1998 Prae
801 1936 919 2015 gaudio
934 1935 1100 2015 pavebunt

151 2017 203 2081 ad
225 2019 287 2084 hoc
309 2021 441 2085 bonum.
488 2022 554 2084 Sub
576 2022 645 2102 lege
669 2022 768 2085 etiam
790 2024 960 2105 pavebant,
937 2021 1042 2086 tsed
1057 2020 1099 2083 ad
1207 2061 1217 2067 -

158 2108 294 2187 malum,
318 2112 372 2175 hic
394 2111 559 2194 pavebunt
581 2111 622 2174 ad
645 2112 778 2174 bonum.
825 2112 931 2176 Verbo
959 2109 1099 2193 pavendi

157 2199 314 2262 securitas
337 2201 441 2264 carnis
450 2200 646 2263 excluditur
668 2206 728 2263 etc

249 2287 388 2352 Adverte
411 2289 498 2375 quod
529 2289 609 2352 dicit
636 2309 670 2352 se
693 2289 836 2353 adultere
863 2288 991 2353 dedisse
1012 2289 1099 2352 bona

156 2377 350 2456 temporalia
391 2366 666 2458 quemadmodum
708 2377 787 2441 deus
825 2379 883 2452 dat
910 2377 1097 2459 hypocritis,

155 2462 217 2526 sed
239 2485 391 2528 mensura
411 2466 609 2530 describitur.
656 2466 697 2529 In
712 2466 932 2548 spiritualibus
947 2484 1099 2528 mensura

155 2559 307 2630 nonest,
332 2555 388 2617 sed
410 2555 533 2619 bonum
556 2556 661 2618 solum
683 2556 885 2618 nominatur:
911 2589 954 2600 -—

404 2663 447 2727 Et
469 2667 597 2726 tantum
620 2661 661 2724 de
684 2661 796 2743 Capite
820 2662 850 2723 3.

375 2795 544 2880 Sequitur
571 2799 594 2865 4
622 2801 728 2883 caput
756 2798 878 2867 (lacae.

249 2907 290 2970 ln
312 2928 377 2989 quo
392 2909 549 2991 propheta
563 2909 680 2990 incipit
694 2915 803 2973 taxare
822 2909 996 2972 manifesta
1010 2907 1097 2983 vitia,

157 2996 286 3060 fructus
308 2997 540 3061 incredulitatis
563 3005 638 3079 post
660 3004 829 3062 tractatam
852 2998 960 3059 fidem.

119 3103 123 3107 ’
252 3085 364 3149 Certus
397 3092 447 3149 est
480 3087 638 3168 propheta
676 3106 710 3149 se
748 3085 931 3168 praedicare
964 3084 1099 3149 verbum

157 3171 286 3236 domini
301 3179 361 3238 etc.
378 3209 421 3220 -
443 3175 605 3238 Iudicium
628 3175 780 3256 apertius
826 3174 986 3238 Dominus
1000 3172 1100 3236 habet

159 3261 287 3342 aliquid
310 3263 462 3332 adversus
484 3263 681 3326 habitatores
704 3269 806 3326 terrac
828 3269 906 3326 etc:
942 3259 946 3264 ’

204 3419 398 3512 ΙΒοῳῑιιιήιιῑ·
420 3423 542 3486 scholia
563 3425 602 3486 D.
626 3422 671 3484 M.
695 3422 767 3485 in4
790 3441 854 3485 ca:
879 3421 995 3484 anae:
1021 3453 1064 3464 -

250 3529 290 3591 In
320 3529 383 3591 hoc
409 3529 513 3610 capite
540 3527 699 3612 propheta
728 3528 844 3609 incipit
865 3533 975 3591 taxare
998 3525 1097 3589 mani·

200 3658 376 3672 *n-

252 3719 279 3787 1)
299 3719 409 3788 Incipit
426 3720 474 3775 fol.
494 3719 554 3774 112.
573 3721 607 3774 A.
626 3718 722 3775 MSOi.
