2575 4225
204 246 267 308 286
532 242 636 323 Caput
659 247 811 322 quartum

202 420 311 536 Qvod
334 421 441 483 addit:
467 420 607 502 Populus
630 426 715 495 tuus,
740 419 824 481 sicut
838 420 896 498 qui
916 418 1045 499 litigant
1068 438 1150 482 cum.

263 509 439 586 sacerdote,
482 515 531 572 est
570 509 707 588 insignis
747 508 954 589 amplificatio
993 526 1070 571 nam
1108 510 1149 571 in

201 600 305 679 priore
329 598 488 661 sententia
510 597 659 673 ostendit,
690 598 847 678 populum
870 597 968 659 talem
991 593 1074 673 e‘sse,
1107 604 1151 659 ut

201 688 283 750 nolit
311 708 332 750 a
361 706 526 766 quoquam
561 686 761 767 reprehendi.
814 686 879 748 Hic
913 684 1019 761 addit,
1056 687 1149 765 quod.

202 797 276 839 eum
299 775 544 858 reprehenditur
571 796 591 837 a
613 775 791 851 sacerdote,
816 781 923 839 movet
946 774 1088 837 ailitem
1113 782 1149 837 et

202 865 384 945 expostulat
413 884 488 926 cum
519 884 565 927 eo.
612 864 683 926 Hoc
713 869 821 926 autem
850 869 899 926 est
921 864 1016 944 plane
1043 864 1146 928 inver-

201 961 266 1016 tere
303 954 422 1016 omnia
468 954 609 1033 Populus
643 953 731 1015 enim
768 952 893 1028 audire,
934 958 968 1014 at
998 953 1149 1015 sacerdos

201 1043 289 1121 loqui
320 1049 353 1105 et
383 1042 495 1105 docere
518 1042 675 1117 debebat,
706 1040 853 1104 doctrina
875 1047 984 1104 autem
1007 1041 1152 1105 includit

202 1132 483 1212 reprehensionem
519 1150 649 1206 eorum,
687 1148 784 1209 'quae
814 1130 900 1191 mala
928 1134 1020 1205 sunt,
1058 1130 1150 1192 hanc

201 1221 282 1282 ferre
306 1240 372 1283 non
402 1220 532 1295 volunt,
562 1219 684 1300 passim
713 1219 811 1298 igitur
839 1219 985 1281 invenias
1013 1220 1150 1295 ,meribe

201 1310 318 1371 kohen‘
354 1309 415 1370 hoc
438 1314 499 1383 est,
528 1308 624 1383 tales,
655 1308 809 1387 quicum
836 1313 1019 1370 mereantur
1040 1328 1146 1389 repre·

202 1397 301 1458 hendi
329 1417 349 1458 a
378 1397 562 1459 doctoribus
589 1403 720 1477 propter
747 1401 878 1477 peccata
905 1396 969 1478 ipsi
997 1396 1149 1459 doctores

202 1485 450 1565 reprehendunt,
474 1489 507 1546 et
521 1485 668 1547 rixantur
690 1505 764 1547 cum
788 1485 842 1548 eis.
890 1484 952 1547 Sed
968 1504 1067 1564 quam
1090 1506 1147 1567 pe-

202 1572 376 1636 riculosum
408 1578 471 1649 est,
512 1574 539 1636 si
575 1574 647 1653 quis
677 1574 711 1636 in
748 1574 887 1655 corporis
921 1574 1032 1636 morbo
1068 1594 1145 1636 cum

202 1662 327 1725 medico
350 1663 458 1739 rixari,
483 1682 519 1724 ac
542 1663 660 1725 elnon
683 1682 793 1743 parere
817 1663 918 1726 velit?
963 1663 1066 1725 Multo
1089 1682 1146 1727 au·

71 1788 79 1808 ι
202 1758 268 1813 tem
290 1752 364 1831 plus
379 1752 513 1833 periculi
535 1752 570 1812 in
593 1771 630 1814 eo
655 1757 712 1828 est,
737 1771 812 1814 cum
836 1751 985 1815 abiicitur
1007 1752 1144 1814 verbum

202 1847 234 1902 et
257 1841 417 1903 excutitur
443 1840 622 1920 disciplina.
670 1840 768 1912 Quid.
785 1840 872 1902 enim
899 1840 1059 1919 reliquum
1083 1848 1147 1917 est,

202 1948 267 2007 quo
291 1930 396 1991 sanari
418 1930 546 1992 animae
569 1928 701 1991 morbus
724 1929 849 2010 possit?

247 2107 412 2170 Corrues
446 2106 574 2186 igitur
610 2106 743 2182 hodie,
790 2113 827 2169 et
872 2068 1030 2171 corruet
1067 2129 1146 2170 una

247 2201 379 2257 tecum
418 2197 618 2277 propheta
651 2196 693 2258 in
729 2202 860 2273 nocte,
902 2203 941 2259 et
973 2197 1144 2277 perdam

246 2289 413 2346 matrem
435 2290 553 2347 tuam.

205 2458 330 2570 1Haec
359 2468 408 2524 est
425 2464 535 2542 'poena
560 2463 726 2544 proposita
754 2463 973 2544 peccatoribus
1001 2471 1146 2528 contem—

297 2552 447 2612 nentibus
476 2551 623 2612 verbum
645 2551 706 2613 dei.
765 2552 854 2615 Sicut
887 2559 994 2615 autern
1024 2553 1149 2616 accidit.

200 2638 311 2714 hodie,
341 2659 415 2699 cum
443 2639 611 2700 hortamur
636 2640 835 2704 adversarios
863 2640 905 2703 ad
933 2661 1041 2704 veram
1073 2643 1144 2704 reli·

201 2727 338 2805 gionem,
363 2733 395 2788 et
418 2726 589 2802 minamur,
614 2727 643 2788 si
659 2735 795 2808 pergant
817 2730 852 2791 in
874 2730 1030 2806 idolatria,
1056 2731 1143 2793 futu-

200 2835 283 2891 rum,
306 2820 344 2877 ut
366 2815 472 2877 omnis
495 2815 618 2894 generis
634 2819 729 2880 malis
752 2818 1052 2895 circumveniantur,
1078 2819 1144 2900 ipsi

202 2910 310 2966 autem
333 2925 399 2967 non
422 2904 525 2967 solum
542 2905 711 2984 negligunt
732 2906 795 2968 has
814 2908 928 2983 minas,
954 2913 985 2970 et
1000 2914 1143 2970 contem-

201 2998 297 3068 nunt,
322 2993 377 3056 sed
401 2993 499 3056 etiam
522 2995 717 3074 persuadent
739 2995 815 3072 suis,
843 2996 909 3058 has.
924 3015 1044 3076 poenas
1067 2997 1148 3061 ideo

200 3083 343 3157 immitti,
368 3082 455 3161 quod
477 3102 582 3163 papae
595 3083 706 3162 religio
730 3103 796 3146 non
818 3085 1002 3148 defenditur
1025 3086 1143 3150 aerius.

289 3170 339 3233 Ita
361 3190 490 3250 prorsus
513 3171 547 3232 in
570 3191 668 3251 regno
691 3172 790 3234 Israel
813 3173 944 3249 accidit,
970 3193 1044 3235 cum
1068 3176 1143 3238 mit-

200 3265 343 3322 terentur
365 3258 407 3320 ad
430 3280 484 3322 eos
507 3260 573 3323 veri
595 3261 770 3341 prophetae
794 3262 851 3340 qui
872 3262 1077 3324 hortarentur
1100 3264 1145 3328 ad

200 3368 289 3411 veros
313 3347 417 3422 cultus
440 3354 473 3410 et
494 3349 764 3429 reprehenderent
786 3351 980 3427 idolatriam,
1005 3351 1143 3431 pseudo·

200 3437 374 3516 prophetae
398 3457 431 3499 se
455 3437 500 3499 eis
516 3438 731 3518 opponebant,
757 3445 789 3501 et
812 3439 885 3504 suos
906 3440 1140 3504 confirmabant

199 3525 235 3585 in
258 3525 414 3588 idolatria.

290 3717 318 3780 1)
337 3717 433 3770 Poena
446 3723 673 3786 contemptorum
682 3719 761 3774 verbi
775 3724 805 3773 et
816 3720 969 3788 impiorum
982 3717 1131 3774 doctorum
