2575 4225
453 284 553 349 Oseae
575 288 762 368 prophetae.
954 295 965 311 ²
1015 291 1076 353 111

135 463 273 525 ulterius
294 461 371 524 ficta
385 480 443 526 sua
456 463 630 544 hypocrisi,
655 469 693 528 ut
706 463 882 528 venderent
896 465 1078 546 plumbum,

135 558 170 614 et
191 570 303 632 preces
325 570 417 627 suas,
447 572 515 614 non
537 557 647 615 tamen
674 559 825 635 possunt,
856 553 977 618 minuit
999 556 1079 618 deus

136 639 372 721 aliquantisper
393 659 505 704 eorum
528 640 741 720 desiderium,
771 648 806 705 at
827 662 893 704 non
916 643 951 705 in
973 649 1079 708 totum

130 748 261 815 pessare
283 728 371 792 fecit.

411 851 594 915 Fornicatio
617 859 651 916 et
672 853 795 918 vinum.

178 979 309 1019 rrrssnrn
348 960 507 1040 propheta
539 959 771 1040 proverbialem
813 961 1005 1024 sententiam
1043 963 1078 1024 in

202 1048 382 1111 sacerdotes
405 1054 438 1111 et
459 1048 644 1111 idololatras
666 1054 803 1128 torquet,
828 1050 921 1128 quasi
943 1049 1075 1114 diceret:

133 1136 223 1212 Quid
245 1157 302 1202 vos
324 1137 413 1218 porci
435 1135 523 1199 aliud
552 1136 717 1214 faceretis,
746 1157 846 1217 quam
874 1144 913 1201 ut
933 1139 1078 1218 neglecta

134 1225 273 1288 scientia
295 1225 383 1288 iretis
405 1231 479 1308 post
501 1232 607 1290 vestra
629 1225 804 1304 desideria,
840 1246 915 1289 cum
943 1227 1077 1290 unicum

133 1315 198 1376 hoc
221 1320 364 1378 vestrum
387 1314 532 1377 studium
555 1315 598 1377 sit
619 1320 658 1378 ut
680 1335 806 1398 semper
828 1315 916 1396 porci
939 1315 1020 1392 sitis,
1044 1322 1077 1379 et

133 1404 346 1466 scortatores?
391 1403 548 1466 Videmus
570 1403 667 1465 hodie
690 1403 772 1466 nihil
795 1404 955 1468 indoctius
979 1411 1075 1485 atque

133 1492 279 1572 ineptius
302 1511 371 1555 esse
394 1491 512 1555 nostris
526 1491 696 1555 monachis
718 1499 750 1555 et
765 1493 992 1570 sacerdotibus,
1018 1496 1075 1574 qui

133 1600 194 1642 nec
228 1581 336 1643 valent
369 1580 411 1642 ad
440 1579 665 1661 gubernandas
693 1582 902 1663 respublicas,
939 1602 998 1646 nec
1033 1582 1074 1645 ad

131 1669 294 1750 privatam
317 1669 468 1745 domum,
503 1689 641 1750 quorum
674 1659 808 1733 unicum
842 1671 987 1734 studium
1015 1679 1072 1748 est,

131 1765 171 1820 ut
206 1758 273 1821 sint
306 1758 425 1838 egregii
459 1759 664 1838 gurguliones
687 1765 719 1822 et
748 1765 907 1824 voratores
938 1767 971 1822 et
992 1780 1073 1822 scor·

2 1920 4 1951 r
75 1934 79 1941 .
132 1852 261 1910 tatores.

345 1955 485 2035 Populus
507 1974 599 2017 meus
622 1954 659 2016 in
681 1954 770 2034 ligno
793 1974 861 2017 suo.

159 2087 178 2125 n
205 2083 274 2139 aar,
303 2059 427 2125 vadunt
448 2061 631 2125 consultum
653 2061 743 2141 ligna
764 2079 832 2136 sua,
857 2066 888 2123 et
912 2061 1074 2143 accipiunt

183 2150 312 2214 oracula
333 2170 353 2211 a
374 2151 489 2213 baculo
504 2171 572 2213 suc.
612 2149 831 2231 Contemptim
846 2149 900 2213 hic
915 2152 1074 2233 propheta

3 2261 9 2272 ·
131 2240 232 2302 deum
260 2259 371 2303 eorum
398 2240 525 2319 lignum
553 2245 661 2315 vocat,
698 2239 785 2319 quod
816 2246 929 2302 natum
959 2247 1008 2304 est
1037 2241 1073 2302 in

5 2345 10 2398 ζ
130 2328 222 2392 silvis
244 2330 295 2393 vel
318 2329 354 2389 in
368 2328 465 2391 domo
488 2348 556 2391 sua.
601 2328 760 2408 Loquitur
775 2328 815 2389 de
829 2328 926 2408 lign0,
952 2348 992 2391 ex
1007 2349 1071 2409 quo

1 2467 9 2481 .
129 2424 200 2479 tam
224 2416 288 2495 cito
317 2417 385 2478 fieri
415 2417 549 2480 baculus
578 2422 716 2498 poterat,
752 2434 852 2496 quam
886 2416 975 2479 deus.
1021 2419 1072 2480 Ita

130 2506 170 2567 fir
193 2512 226 2569 et
239 2505 345 2582 hodie,
370 2511 407 2567 ut
423 2525 576 2587 responsa
591 2506 732 2567 feramus
749 2525 789 2567 ex
805 2504 922 2567 nostris
939 2504 1068 2567 studiis:

130 2602 201 2657 tam
225 2594 282 2656 diu
305 2594 439 2685 portasti
454 2595 539 2657 hanc
553 2600 685 2670 vestem,
709 2600 777 2657 tam
793 2593 850 2655 diu
865 2594 972 2670 orasti,
997 2613 1071 2675 ergo

131 2689 263 2746 sanctus
287 2684 359 2746 eris.
397 2688 400 2690 ’

385 2806 487 2890 Super
510 2806 617 2889 capita
638 2808 811 2871 montium.

156 2938 179 2978 n
206 2937 276 2990 ner,
299 2913 363 2996 ipsi
385 2913 518 2978 curiunt
540 2912 581 2977 ad
604 2912 691 2977 idola
713 2914 819 2996 posita
841 2914 876 2977 in
895 2915 1071 2991 montibus,

182 3004 272 3068 etin
302 3003 451 3080 collibus,
486 3003 533 3065 ibi
567 3003 764 3079 sacrificant,
800 3001 847 3065 ibi
872 3011 1073 3076 ,venerantur

132 3090 241 3154 deum.
288 3092 392 3155 Taxat
413 3087 490 3173 ego1
518 3092 675 3173 propheta
698 3090 805 3153 studia
827 3095 859 3152 et
878 3110 975 3172 opera
989 3092 1071 3172 ipso·

131 3200 216 3256 rum,
241 3199 324 3261 quae
346 3180 410 3261 ipsi
433 3181 495 3243 sibi
518 3180 688 3260 eligebant.

466 3303 733 3367 Therebinthum.

182 3374 447 3493 os‘intsrpretum
462 3415 520 3487 est,
537 3410 565 3473 si
580 3431 647 3473 non
662 3411 847 3490 intelligunt
862 3408 955 3490 quale
971 3427 1071 3489 genus

207 3500 331 3564 arboris
354 3500 410 3577 sit,
440 3493 727 3563 Therebinthium²
758 3518 880 3564 vocare.
926 3497 1072 3561 Arbitror

169 3590 264 3655 ovel
288 3609 452 3671 quercum,
476 3589 526 3654 vel
549 3587 661 3668 fagum
685 3607 762 3651 esse.

169 3713 349 3725 ---—

220 3764 248 3834 1)
268 3764 360 3830 legas:
379 3778 454 3831 ergo.
489 3762 519 3831 2)
537 3761 774 3818 {therebinthum
