2575 4225
223 296 290 359 434
517 298 622 381 Caput
644 295 873 363 duodecimum

310 495 344 538 15
368 480 430 536 eet
452 474 614 539 domino
642 480 786 538 contra
813 472 967 550 Iudam,
995 480 1039 539 ut
1069 475 1164 538 viai·

327 569 381 626 tet
410 582 533 644 super
554 564 674 627 Iacob
706 562 919 627 secundum
941 563 1028 627 vias
1060 564 1163 641 eiue,

267 651 385 730 cique
406 652 550 715 reddat
572 651 789 715 secundum
812 650 953 715 studia
976 646 1072 716 eiuel

222 914 368 1027 *Iudam
391 938 489 1001 supra
509 917 662 995 laudavit,
688 918 775 998 quod
798 917 983 981 dominebrr
998 936 1073 980 cum
1089 937 1165 981 vero

287 1007 357 1083 deo,
382 1013 414 1071 et
437 1008 561 1071 cultum
583 1028 695 1071 verum
718 1008 863 1070 retineat.
906 1006 969 1068 Cur
983 1006 1083 1085 igitur
1096 1007 1165 1069 litis

222 1097 393 1159 meminit?
416 1097 500 1159 Nam
521 1096 583 1159 hac
605 1096 716 1178 phrasi
738 1096 914 1177 prophetae
929 1095 1052 1176 passim
1068 1101 1162 1158 utun·

222 1192 275 1248 tur
296 1186 332 1247 in
354 1186 475 1247 maiam
496 1184 637 1265 partem,
667 1186 749 1247 sicut
772 1204 870 1266 supra
892 1204 938 1249 ca.
964 1183 995 1247 4.
1020 1188 1052 1245 et
1076 1184 1105 1245 5.
1131 1190 1165 1246 ei

222 1274 320 1335 Mich.
346 1270 436 1336 6.‘?**
475 1273 681 1355 Respondeo:
706 1273 851 1335 Historia
873 1292 933 1335 1105
956 1271 1086 1336 abunde
1110 1271 1164 1334 do·

222 1368 272 1424 cet
299 1362 338 1424 de
367 1362 429 1424 hac
457 1382 505 1437 re,
534 1383 612 1424 nam
640 1382 723 1442 quae
754 1361 904 1424 ecclesiae
931 1361 1036 1423 forma
1066 1360 1166 1423 fuerit

222 1455 296 1511 ante
324 1450 512 1526 Ezechiam,
548 1456 664 1512 notum
697 1446 774 1512 051.1
824 1451 867 1511 Et
900 1449 1052 1529 Assyrius
1088 1470 1165 1512 cum

221 1538 385 1618 captivum
408 1536 596 1600 abduxisset
618 1558 755 1617 regnum
777 1538 891 1615 Israel,
924 1539 1023 1600 etiam
1045 1537 1164 1601 Iudam

221 1626 339 1687 afflixit
366 1625 407 1689 ob
434 1631 566 1708 peccata
587 1627 676 1689 Ahas
703 1628 804 1708 patrie
827 1627 996 1702 Ezechiae,
1023 1626 1069 1688 de
1098 1646 1165 1707 quo

220 1714 356 1777 historia
384 1714 462 1777 dicit
490 1717 519 1776 2.
544 1716 620 1795 Reg.
649 1710 719 1779 16.²
768 1717 841 1778 Non
868 1716 946 1778 fecit
975 1714 1064 1795 quod
1095 1720 1166 1778 erat

220 1804 376 1885 placitum
399 1824 507 1867 coram
530 1804 662 1867 domino
685 1804 745 1867 deo
761 1824 829 1881 euo,
853 1804 937 1866 sicut
951 1803 1056 1867 David
1071 1810 1166 1885 pater

220 1893 304 1965 eius,
335 1892 393 1956 aed
415 1892 594 1956 ambulavit
614 1894 651 1955 in
673 1893 733 1957 viis
755 1913 868 1973 regum
890 1893 1006 1969 Israel,
1036 1898 1070 1955 et
1091 1893 1164 1954 imi-

219 1987 306 2044 tatus
330 2001 458 2062 quoque
481 1987 530 2045 eat
551 1981 824 2045 Damascenorum
846 1981 1057 2063 impietatem.
1100 1983 1163 2045 Ita-

220 2089 284 2150 que
306 2076 382 2152 0051
403 2071 481 2134 aliae
504 2070 610 2134 clades
633 2070 731 2135 etiam
754 2070 794 2134 ab
818 2070 889 2152 ipso
912 2070 1088 2150 ¹Senaherib
1116 2090 1163 2134 re·

220 2178 321 2238 gnum
343 2158 426 2221 Iuda
448 2160 586 2240 graviter
608 2166 658 2223 est
680 2159 847 2236 afflictum,
873 2166 906 2222 ct
927 2161 1058 2223 obsessa
1075 2160 1163 2224 Ieru-

152 2292 156 2300 .
220 2247 329 2310 salem.
376 2248 438 2310 Sed
461 2249 613 2312 dominus
635 2250 785 2312 misertus
808 2249 857 2330 pii
886 2248 969 2328 regie
993 2249 1160 2325 Ezechiae,

219 2335 421 2399 obsidionem
443 2337 599 2400 miraculo
622 2337 725 2401 solvit.
771 2338 868 2400 Iacob
896 2343 1005 2400 autem
1036 2358 1094 2401 seu
1115 2339 1162 2401 15·

219 2425 285 2488 rael
306 2446 442 2506 regnum
464 2427 595 2507 penitus
616 2431 778 2490 vastatum
801 2432 858 2490 est.

308 2511 473 2590 IIIIQuod
508 2517 606 2595 igitur
642 2515 682 2577 de
715 2515 811 2578 Iacob
846 2514 951 2592 addit,
992 2520 1041 2577 eet
1075 2515 1163 2579 sicui

218 2602 299 2665 illud
333 2603 433 2683 Petri:
471 2604 634 2669 Iudicium
673 2624 692 2665 a
730 2604 825 2668 domo
863 2603 916 2665 dei
953 2603 1086 2684 incipit,
1126 2608 1161 2666 et

219 2686 441 2765 monasti,
479 2691 508 2752 51
544 2691 625 2752 haec
661 2691 745 2754 fiunt
778 2693 813 2754 in
846 2692 934 2772 ligno
967 2692 1064 2754 viridi
1098 2695 1159 2754 ebe.

218 2776 252 2838 Si
275 2778 363 2838 onim
386 2775 518 2840 domino
541 2798 616 2841 cum
632 2778 715 2842 Iuda
736 2781 777 2843 115
800 2786 857 2857 eat,
882 2779 939 2860 qui
962 2781 1087 2843 cultum
1109 2801 1160 2844 ve·

217 2876 290 2928 rum
313 2871 384 2929 tum
407 2866 580 2944 retinebat,
610 2868 727 2931 Iacobo
750 2869 856 2932 maius
884 2868 1065 2950 periculum
1095 2888 1159 2930 me·

217 2956 376 3020 tuendum
399 2963 484 3034 erat,
510 2958 568 3038 qui
589 2958 689 3021 etiam
712 2957 896 3021 admonitus
926 2957 1057 3021 nolebat
1084 2957 1160 3020 reei-

217 3065 349 3126 precere.

216 3195 431 3206 ——--—-

306 3290 333 3358 1)
350 3290 376 3344 1.
394 3291 463 3356 neg.
484 3290 575 3344 151·
610 3289 639 3359 1)
658 3290 683 3343 1.
702 3291 771 3356 neg.
791 3289 833 3343 16,

304 3555 330 3622 ⁸)
348 3557 384 3610 In
401 3557 662 3627 marg.coll.1cn.:
691 3555 749 3610 Cur
766 3556 827 3612 litis
846 3557 1020 3612 meminerie
1058 3556 1125 3621 ”)]

214 3641 301 3692 marg.
322 3627 384 3680 coll.
402 3628 477 3682 Ien:
503 3628 589 3682 Mich.
613 3628 638 3680 6.
676 3626 732 3696 m)
755 3629 843 3682 Deest
867 3629 900 3681 in
926 3627 987 3681 coll.
1006 3627 1100 3682 Vuic.
1124 3659 1125 3666 ,

214 3695 274 3750 Ien.
311 3696 384 3764 Μ’)
411 3697 446 3750 111
473 3714 560 3766 marg.
589 3699 651 3753 coll.
679 3699 753 3753 Ian:
782 3698 806 3752 1.
834 3700 908 3752 Petr.
936 3697 962 3751 4.
999 3696 1090 3768 1Μ’)
1117 3697 1125 3750 1

213 3782 301 3833 marg.
321 3767 383 3820 0011.
401 3768 474 3823 ion:
493 3770 588 3824 Lucae
604 3769 648 3824 23.
