<?xml version="1.0" encoding="UTF-8"?>
<!DOCTYPE html PUBLIC "-//W3C//DTD XHTML 1.0 Transitional//EN"
    "http://www.w3.org/TR/xhtml1/DTD/xhtml1-transitional.dtd">
<html xmlns="http://www.w3.org/1999/xhtml" xml:lang="en" lang="en">
 <head>
  <title>
</title>
<meta http-equiv="Content-Type" content="text/html;charset=utf-8" />
  <meta name='ocr-system' content='tesseract 3.04.00' />
  <meta name='ocr-capabilities' content='ocr_page ocr_carea ocr_par ocr_line ocrx_word'/>
</head>
<body>
  <div class='ocr_page' id='page_1' title='image "./exegeticaoperal13luthgoog_0282.png"; bbox 0 0 2575 4225; ppageno 0'>
   <div class='ocr_carea' id='block_1_1' title="bbox 427 301 1061 385">
    <p class='ocr_par' dir='ltr' id='par_1_1' title="bbox 427 301 1061 385">
     <span class='ocr_line' id='line_1_1' title="bbox 427 301 1061 385; baseline 0.003 -20"><span class='ocrx_word' id='word_1_1' title='bbox 427 302 555 366; x_wconf 90' lang='lat' dir='ltr'><strong>Hoseae</strong></span> <span class='ocrx_word' id='word_1_2' title='bbox 577 304 762 385; x_wconf 89' lang='lat' dir='ltr'><strong>prophetae.</strong></span> <span class='ocrx_word' id='word_1_3' title='bbox 999 301 1061 369; x_wconf 80' lang='lat'><strong>271</strong></span> 
     </span>
    </p>
   </div>
   <div class='ocr_carea' id='block_1_2' title="bbox 121 479 1063 562">
    <p class='ocr_par' dir='ltr' id='par_1_2' title="bbox 121 479 1063 562">
     <span class='ocr_line' id='line_1_2' title="bbox 121 479 1063 562; baseline 0.002 -20"><span class='ocrx_word' id='word_1_4' title='bbox 121 487 263 561; x_wconf 85' lang='lat' dir='ltr'><strong>peccata,</strong></span> <span class='ocrx_word' id='word_1_5' title='bbox 287 486 325 543; x_wconf 85' lang='lat' dir='ltr'><strong>ut</strong></span> <span class='ocrx_word' id='word_1_6' title='bbox 347 479 467 543; x_wconf 87' lang='lat' dir='ltr'><strong>scilicet</strong></span> <span class='ocrx_word' id='word_1_7' title='bbox 487 485 675 557; x_wconf 76' lang='lat' dir='ltr'><strong>statuamus,</strong></span> <span class='ocrx_word' id='word_1_8' title='bbox 700 499 753 543; x_wconf 85' lang='lat' dir='ltr'><strong>eas</strong></span> <span class='ocrx_word' id='word_1_9' title='bbox 768 479 862 543; x_wconf 91' lang='lat' dir='ltr'><strong>nobis</strong></span> <span class='ocrx_word' id='word_1_10' title='bbox 878 500 944 543; x_wconf 89' lang='lat' dir='ltr'><strong>non</strong></span> <span class='ocrx_word' id='word_1_11' title='bbox 958 480 1063 562; x_wconf 89' lang='lat' dir='ltr'><strong>infligi</strong></span> 
     </span>
    </p>
   </div>
   <div class='ocr_carea' id='block_1_3' title="bbox 14 568 1064 739">
    <p class='ocr_par' dir='ltr' id='par_1_3' title="bbox 14 568 1064 739">
     <span class='ocr_line' id='line_1_3' title="bbox 14 568 1063 663; baseline 0.002 -32"><span class='ocrx_word' id='word_1_12' title='bbox 14 592 16 650; x_wconf 51' lang='grc' dir='ltr'><em>ξ</em></span> <span class='ocrx_word' id='word_1_13' title='bbox 122 570 207 663; x_wconf 66' lang='lat' dir='ltr'><strong>ideo,</strong></span> <span class='ocrx_word' id='word_1_14' title='bbox 229 569 323 649; x_wconf 90' lang='lat' dir='ltr'><strong>quasi</strong></span> <span class='ocrx_word' id='word_1_15' title='bbox 346 568 482 631; x_wconf 88' lang='lat' dir='ltr'><strong>abiicere</strong></span> <span class='ocrx_word' id='word_1_16' title='bbox 504 588 563 631; x_wconf 90' lang='lat' dir='ltr'><strong>nos</strong></span> <span class='ocrx_word' id='word_1_17' title='bbox 586 568 676 644; x_wconf 91' lang='lat' dir='ltr'><strong>deus,</strong></span> <span class='ocrx_word' id='word_1_18' title='bbox 701 575 733 632; x_wconf 88' lang='lat' dir='ltr'><strong>et</strong></span> <span class='ocrx_word' id='word_1_19' title='bbox 754 570 789 631; x_wconf 93' lang='lat' dir='ltr'><strong>in</strong></span> <span class='ocrx_word' id='word_1_20' title='bbox 805 570 944 652; x_wconf 84' lang='lat' dir='ltr'><strong>peccatis</strong></span> <span class='ocrx_word' id='word_1_21' title='bbox 959 571 1063 652; x_wconf 88' lang='lat' dir='ltr'><strong>perire</strong></span> 
     </span>
     <span class='ocr_line' id='line_1_4' title="bbox 14 655 1064 739; baseline 0.003 -20"><span class='ocrx_word' id='word_1_22' title='bbox 14 655 15 682; x_wconf 74' lang='lat'><em>³</em></span> <span class='ocrx_word' id='word_1_23' title='bbox 122 658 212 733; x_wconf 86' lang='lat' dir='ltr'><strong>velit,</strong></span> <span class='ocrx_word' id='word_1_24' title='bbox 245 657 302 720; x_wconf 89' lang='lat' dir='ltr'><strong>sed</strong></span> <span class='ocrx_word' id='word_1_25' title='bbox 324 665 362 720; x_wconf 87' lang='lat' dir='ltr'><strong>ut</strong></span> <span class='ocrx_word' id='word_1_26' title='bbox 384 656 485 720; x_wconf 84' lang='lat' dir='ltr'><strong>coacti</strong></span> <span class='ocrx_word' id='word_1_27' title='bbox 507 657 611 732; x_wconf 85' lang='lat' dir='ltr'><strong>malis,</strong></span> <span class='ocrx_word' id='word_1_28' title='bbox 635 656 822 723; x_wconf 82' lang='lat' dir='ltr'><strong>desinamus</strong></span> <span class='ocrx_word' id='word_1_29' title='bbox 850 677 997 739; x_wconf 87' lang='lat' dir='ltr'><strong>peccare,</strong></span> <span class='ocrx_word' id='word_1_30' title='bbox 1030 664 1064 722; x_wconf 82' lang='lat' dir='ltr'><strong>et</strong></span> 
     </span>
    </p>
   </div>
   <div class='ocr_carea' id='block_1_4' title="bbox 14 744 1065 989">
    <p class='ocr_par' dir='ltr' id='par_1_4' title="bbox 14 744 1065 989">
     <span class='ocr_line' id='line_1_5' title="bbox 14 744 1064 836; baseline 0.001 -27"><span class='ocrx_word' id='word_1_31' title='bbox 14 807 19 836; x_wconf 24' lang='lat' dir='ltr'>k</span> <span class='ocrx_word' id='word_1_32' title='bbox 122 766 274 810; x_wconf 78' lang='lat' dir='ltr'><strong>vocemur</strong></span> <span class='ocrx_word' id='word_1_33' title='bbox 294 746 383 809; x_wconf 91' lang='lat' dir='ltr'><strong>hisce</strong></span> <span class='ocrx_word' id='word_1_34' title='bbox 405 744 495 808; x_wconf 86' lang='lat' dir='ltr'><strong>duris</strong></span> <span class='ocrx_word' id='word_1_35' title='bbox 516 745 633 811; x_wconf 88' lang='lat' dir='ltr'><strong>mediis</strong></span> <span class='ocrx_word' id='word_1_36' title='bbox 657 746 698 808; x_wconf 90' lang='lat' dir='ltr'><strong>ad</strong></span> <span class='ocrx_word' id='word_1_37' title='bbox 728 746 970 829; x_wconf 86' lang='lat' dir='ltr'><strong>poenitentiam.</strong></span> <span class='ocrx_word' id='word_1_38' title='bbox 1017 746 1064 810; x_wconf 82' lang='lat' dir='ltr'><strong>Si-</strong></span> 
     </span>
     <span class='ocr_line' id='line_1_6' title="bbox 14 829 1063 916; baseline 0.004 -21"><span class='ocrx_word' id='word_1_39' title='bbox 14 849 15 895; x_wconf 61' lang='lat' dir='ltr'><strong>t</strong></span> <span class='ocrx_word' id='word_1_40' title='bbox 122 841 176 897; x_wconf 92' lang='lat' dir='ltr'><strong>cut</strong></span> <span class='ocrx_word' id='word_1_41' title='bbox 198 835 318 898; x_wconf 87' lang='lat' dir='ltr'><strong>Paulus</strong></span> <span class='ocrx_word' id='word_1_42' title='bbox 339 829 452 897; x_wconf 89' lang='lat' dir='ltr'><strong>dicit:¹</strong></span> <span class='ocrx_word' id='word_1_43' title='bbox 489 836 520 895; x_wconf 78' lang='lat' dir='ltr'>A</span> <span class='ocrx_word' id='word_1_44' title='bbox 542 834 675 896; x_wconf 91' lang='lat' dir='ltr'><strong>domino</strong></span> <span class='ocrx_word' id='word_1_45' title='bbox 699 836 898 916; x_wconf 79' lang='lat' dir='ltr'><strong>corripimur,</strong></span> <span class='ocrx_word' id='word_1_46' title='bbox 922 856 963 899; x_wconf 89' lang='lat' dir='ltr'><strong>ne</strong></span> <span class='ocrx_word' id='word_1_47' title='bbox 987 854 1063 901; x_wconf 88' lang='lat' dir='ltr'><strong>cum</strong></span> 
     </span>
     <span class='ocr_line' id='line_1_7' title="bbox 14 919 1065 989; baseline 0.006 -7"><span class='ocrx_word' id='word_1_48' title='bbox 14 960 15 982; x_wconf 36' lang='grc' dir='ltr'>ι</span> <span class='ocrx_word' id='word_1_49' title='bbox 121 923 182 986; x_wconf 92' lang='lat' dir='ltr'><strong>hoc</strong></span> <span class='ocrx_word' id='word_1_50' title='bbox 212 923 337 986; x_wconf 91' lang='lat' dir='ltr'><strong>mundo</strong></span> <span class='ocrx_word' id='word_1_51' title='bbox 363 923 563 985; x_wconf 82' lang='lat' dir='ltr'><strong>damnemur.</strong></span> <span class='ocrx_word' id='word_1_52' title='bbox 599 923 643 986; x_wconf 79' lang='lat' dir='ltr'><strong>ut</strong></span> <span class='ocrx_word' id='word_1_53' title='bbox 665 919 812 989; x_wconf 78' lang='lat' dir='ltr'><strong>Esaias2²</strong></span> <span class='ocrx_word' id='word_1_54' title='bbox 840 925 977 987; x_wconf 85' lang='lat' dir='ltr'><strong>Vexatio</strong></span> <span class='ocrx_word' id='word_1_55' title='bbox 1005 925 1065 988; x_wconf 89' lang='lat' dir='ltr'><strong>dat</strong></span> 
     </span>
    </p>
   </div>
   <div class='ocr_carea' id='block_1_5' title="bbox 14 989 1114 1271">
    <p class='ocr_par' dir='ltr' id='par_1_5' title="bbox 14 989 1114 1271">
     <span class='ocr_line' id='line_1_8' title="bbox 14 989 328 1075; baseline -0.013 0"><span class='ocrx_word' id='word_1_56' title='bbox 14 989 15 1067; x_wconf 65' lang='grc' dir='ltr'><strong>ἷ</strong></span> <span class='ocrx_word' id='word_1_57' title='bbox 121 1012 328 1075; x_wconf 85' lang='lat' dir='ltr'><strong>intellectum.</strong></span> 
     </span>
     <span class='ocr_line' id='line_1_9' title="bbox 14 1099 1114 1185; baseline -0.003 -19"><span class='ocrx_word' id='word_1_58' title='bbox 14 1123 15 1166; x_wconf 53' lang='lat'><em>5</em></span> <span class='ocrx_word' id='word_1_59' title='bbox 56 1128 68 1141; x_wconf 93' lang='lat'>·</span> <span class='ocrx_word' id='word_1_60' title='bbox 207 1099 378 1162; x_wconf 87' lang='lat' dir='ltr'><strong>Abductus</strong></span> <span class='ocrx_word' id='word_1_61' title='bbox 393 1099 492 1179; x_wconf 88' lang='lat' dir='ltr'><strong>igitur</strong></span> <span class='ocrx_word' id='word_1_62' title='bbox 506 1100 645 1181; x_wconf 90' lang='lat' dir='ltr'><strong>populus</strong></span> <span class='ocrx_word' id='word_1_63' title='bbox 661 1118 702 1162; x_wconf 90' lang='lat' dir='ltr'><strong>ex</strong></span> <span class='ocrx_word' id='word_1_64' title='bbox 720 1120 828 1180; x_wconf 86' lang='lat' dir='ltr'><strong>regno,</strong></span> <span class='ocrx_word' id='word_1_65' title='bbox 852 1102 961 1165; x_wconf 87' lang='lat' dir='ltr'><strong>sedere</strong></span> <span class='ocrx_word' id='word_1_66' title='bbox 977 1102 1063 1165; x_wconf 89' lang='lat' dir='ltr'><strong>inter</strong></span> <span class='ocrx_word' id='word_1_67' title='bbox 1104 1172 1114 1185; x_wconf 33' lang='lat' dir='ltr'><em>f</em></span> 
     </span>
     <span class='ocr_line' id='line_1_10' title="bbox 14 1187 1059 1271; baseline -0.001 -19"><span class='ocrx_word' id='word_1_68' title='bbox 14 1216 15 1239; x_wconf 71' lang='lat'>1</span> <span class='ocrx_word' id='word_1_69' title='bbox 122 1194 231 1267; x_wconf 85' lang='lat' dir='ltr'><strong>gentes</strong></span> <span class='ocrx_word' id='word_1_70' title='bbox 259 1195 388 1251; x_wconf 89' lang='lat' dir='ltr'><strong>coactus</strong></span> <span class='ocrx_word' id='word_1_71' title='bbox 416 1187 494 1264; x_wconf 87' lang='lat' dir='ltr'><strong>fuit,</strong></span> <span class='ocrx_word' id='word_1_72' title='bbox 526 1194 559 1251; x_wconf 89' lang='lat' dir='ltr'><strong>ct</strong></span> <span class='ocrx_word' id='word_1_73' title='bbox 585 1189 670 1251; x_wconf 88' lang='lat' dir='ltr'><strong>sicut</strong></span> <span class='ocrx_word' id='word_1_74' title='bbox 697 1188 733 1251; x_wconf 90' lang='lat' dir='ltr'><strong>in</strong></span> <span class='ocrx_word' id='word_1_75' title='bbox 759 1191 864 1270; x_wconf 87' lang='lat' dir='ltr'><strong>priore</strong></span> <span class='ocrx_word' id='word_1_76' title='bbox 887 1190 991 1271; x_wconf 87' lang='lat' dir='ltr'><strong>capite</strong></span> <span class='ocrx_word' id='word_1_77' title='bbox 1014 1190 1059 1252; x_wconf 88' lang='lat' dir='ltr'><strong>di·</strong></span> 
     </span>
    </p>
   </div>
   <div class='ocr_carea' id='block_1_6' title="bbox 14 1273 1060 1535">
    <p class='ocr_par' dir='ltr' id='par_1_6' title="bbox 14 1273 1060 1535">
     <span class='ocr_line' id='line_1_11' title="bbox 14 1273 1060 1358; baseline 0.006 -23"><span class='ocrx_word' id='word_1_78' title='bbox 14 1273 15 1335; x_wconf 69' lang='grc' dir='ltr'><strong>Ῑ</strong></span> <span class='ocrx_word' id='word_1_79' title='bbox 122 1282 210 1339; x_wconf 90' lang='lat' dir='ltr'><strong>ctum</strong></span> <span class='ocrx_word' id='word_1_80' title='bbox 244 1283 309 1353; x_wconf 87' lang='lat' dir='ltr'><strong>est,</strong></span> <span class='ocrx_word' id='word_1_81' title='bbox 344 1297 410 1339; x_wconf 90' lang='lat' dir='ltr'><strong>non</strong></span> <span class='ocrx_word' id='word_1_82' title='bbox 444 1278 551 1358; x_wconf 86' lang='lat' dir='ltr'><strong>potuit</strong></span> <span class='ocrx_word' id='word_1_83' title='bbox 582 1278 727 1341; x_wconf 85' lang='lat' dir='ltr'><strong>invenire</strong></span> <span class='ocrx_word' id='word_1_84' title='bbox 761 1279 847 1342; x_wconf 89' lang='lat' dir='ltr'><strong>viam</strong></span> <span class='ocrx_word' id='word_1_85' title='bbox 878 1284 1060 1342; x_wconf 83' lang='lat' dir='ltr'><strong>amatorum</strong></span> 
     </span>
     <span class='ocr_line' id='line_1_12' title="bbox 121 1365 1060 1448; baseline 0.002 -20.795"><span class='ocrx_word' id='word_1_86' title='bbox 121 1384 262 1428; x_wconf 86' lang='lat' dir='ltr'><strong>suorum.</strong></span> <span class='ocrx_word' id='word_1_87' title='bbox 308 1365 411 1446; x_wconf 80' lang='lat' dir='ltr'><strong>Igitur</strong></span> <span class='ocrx_word' id='word_1_88' title='bbox 438 1366 526 1427; x_wconf 89' lang='lat' dir='ltr'><strong>carni</strong></span> <span class='ocrx_word' id='word_1_89' title='bbox 553 1366 634 1428; x_wconf 87' lang='lat' dir='ltr'><strong>dura</strong></span> <span class='ocrx_word' id='word_1_90' title='bbox 661 1366 829 1447; x_wconf 83' lang='lat' dir='ltr'><strong>captivitas</strong></span> <span class='ocrx_word' id='word_1_91' title='bbox 863 1366 984 1448; x_wconf 84' lang='lat' dir='ltr'><strong>profuit</strong></span> <span class='ocrx_word' id='word_1_92' title='bbox 1017 1368 1060 1429; x_wconf 89' lang='lat' dir='ltr'><strong>ad</strong></span> 
     </span>
     <span class='ocr_line' id='line_1_13' title="bbox 14 1454 1060 1535; baseline 0.005 -21"><span class='ocrx_word' id='word_1_93' title='bbox 14 1455 15 1481; x_wconf 73' lang='lat'>³</span> <span class='ocrx_word' id='word_1_94' title='bbox 120 1454 362 1535; x_wconf 88' lang='lat' dir='ltr'><strong>poenitentiam.</strong></span> <span class='ocrx_word' id='word_1_95' title='bbox 407 1454 651 1517; x_wconf 88' lang='lat' dir='ltr'><strong>Poenitentibus</strong></span> <span class='ocrx_word' id='word_1_96' title='bbox 681 1461 790 1519; x_wconf 87' lang='lat' dir='ltr'><strong>autem</strong></span> <span class='ocrx_word' id='word_1_97' title='bbox 820 1456 971 1519; x_wconf 89' lang='lat' dir='ltr'><strong>dominus</strong></span> <span class='ocrx_word' id='word_1_98' title='bbox 1001 1456 1060 1520; x_wconf 87' lang='lat' dir='ltr'><strong>dat</strong></span> 
     </span>
    </p>
   </div>
   <div class='ocr_carea' id='block_1_7' title="bbox 14 1542 718 1621">
    <p class='ocr_par' dir='ltr' id='par_1_7' title="bbox 14 1542 718 1642">
     <span class='ocr_line' id='line_1_14' title="bbox 14 1542 718 1621; baseline 0.006 -20"><span class='ocrx_word' id='word_1_99' title='bbox 14 1569 29 1592; x_wconf 63' lang='lat' dir='ltr'><strong>r·</strong></span> <span class='ocrx_word' id='word_1_100' title='bbox 121 1542 265 1621; x_wconf 79' lang='lat' dir='ltr'><strong>gratiam,</strong></span> <span class='ocrx_word' id='word_1_101' title='bbox 290 1549 323 1605; x_wconf 90' lang='lat' dir='ltr'><strong>et</strong></span> <span class='ocrx_word' id='word_1_102' title='bbox 344 1542 514 1606; x_wconf 89' lang='lat' dir='ltr'><strong>miseretur</strong></span> <span class='ocrx_word' id='word_1_103' title='bbox 535 1562 573 1605; x_wconf 85' lang='lat' dir='ltr'><strong>ac</strong></span> <span class='ocrx_word' id='word_1_104' title='bbox 594 1542 718 1607; x_wconf 87' lang='lat' dir='ltr'><strong>liberat.</strong></span> 
     </span>
    </p>
   </div>
   <div class='ocr_carea' id='block_1_8' title="bbox 14 1714 1060 2067">
    <p class='ocr_par' dir='ltr' id='par_1_8' title="bbox 14 1714 1056 1834">
     <span class='ocr_line' id='line_1_15' title="bbox 14 1714 1056 1834; baseline 0 -51"><span class='ocrx_word' id='word_1_105' title='bbox 14 1714 44 1751; x_wconf 62' lang='lat'><strong>⁸·</strong></span> <span class='ocrx_word' id='word_1_106' title='bbox 162 1716 367 1834; x_wconf 74' lang='lat' dir='ltr'><strong>Quoniam</strong></span> <span class='ocrx_word' id='word_1_107' title='bbox 404 1719 490 1782; x_wconf 88' lang='lat' dir='ltr'><strong>dies</strong></span> <span class='ocrx_word' id='word_1_108' title='bbox 535 1720 682 1784; x_wconf 87' lang='lat' dir='ltr'><strong>multos</strong></span> <span class='ocrx_word' id='word_1_109' title='bbox 728 1720 929 1783; x_wconf 86' lang='lat' dir='ltr'><strong>sedebunt</strong></span> <span class='ocrx_word' id='word_1_110' title='bbox 973 1720 1056 1783; x_wconf 83' lang='lat' dir='ltr'><strong>filii</strong></span> 
     </span>
    </p>

    <p class='ocr_par' dir='ltr' id='par_1_9' title="bbox 162 1808 1060 2067">
     <span class='ocr_line' id='line_1_16' title="bbox 221 1808 1060 1891; baseline 0.001 -21"><span class='ocrx_word' id='word_1_111' title='bbox 221 1808 350 1871; x_wconf 88' lang='lat' dir='ltr'><strong>Israel</strong></span> <span class='ocrx_word' id='word_1_112' title='bbox 372 1809 459 1871; x_wconf 89' lang='lat' dir='ltr'><strong>sine</strong></span> <span class='ocrx_word' id='word_1_113' title='bbox 487 1827 582 1889; x_wconf 88' lang='lat' dir='ltr'><strong>rege</strong></span> <span class='ocrx_word' id='word_1_114' title='bbox 608 1815 646 1872; x_wconf 87' lang='lat' dir='ltr'><strong>et</strong></span> <span class='ocrx_word' id='word_1_115' title='bbox 673 1810 759 1873; x_wconf 88' lang='lat' dir='ltr'><strong>sine</strong></span> <span class='ocrx_word' id='word_1_116' title='bbox 787 1810 988 1891; x_wconf 83' lang='lat' dir='ltr'><strong>principe,</strong></span> <span class='ocrx_word' id='word_1_117' title='bbox 1017 1814 1060 1872; x_wconf 89' lang='lat' dir='ltr'><strong>et</strong></span> 
     </span>
     <span class='ocr_line' id='line_1_17' title="bbox 162 1896 1058 1974; baseline 0 -15"><span class='ocrx_word' id='word_1_118' title='bbox 162 1896 248 1959; x_wconf 87' lang='lat' dir='ltr'><strong>sine</strong></span> <span class='ocrx_word' id='word_1_119' title='bbox 278 1897 503 1974; x_wconf 83' lang='lat' dir='ltr'><strong>sacrificiu,</strong></span> <span class='ocrx_word' id='word_1_120' title='bbox 532 1904 569 1960; x_wconf 89' lang='lat' dir='ltr'><strong>et</strong></span> <span class='ocrx_word' id='word_1_121' title='bbox 596 1898 684 1960; x_wconf 88' lang='lat' dir='ltr'><strong>sine</strong></span> <span class='ocrx_word' id='word_1_122' title='bbox 713 1904 868 1974; x_wconf 85' lang='lat' dir='ltr'><strong>statua,</strong></span> <span class='ocrx_word' id='word_1_123' title='bbox 899 1904 936 1959; x_wconf 84' lang='lat' dir='ltr'><strong>et</strong></span> <span class='ocrx_word' id='word_1_124' title='bbox 966 1898 1058 1960; x_wconf 87' lang='lat' dir='ltr'><strong>sine</strong></span> 
     </span>
     <span class='ocr_line' id='line_1_18' title="bbox 162 1985 1056 2067; baseline 0.001 -20"><span class='ocrx_word' id='word_1_125' title='bbox 162 1985 320 2067; x_wconf 84' lang='lat' dir='ltr'><strong>Ephod,</strong></span> <span class='ocrx_word' id='word_1_126' title='bbox 356 1993 394 2050; x_wconf 86' lang='lat' dir='ltr'><strong>et</strong></span> <span class='ocrx_word' id='word_1_127' title='bbox 423 1986 512 2050; x_wconf 88' lang='lat' dir='ltr'><strong>sine</strong></span> <span class='ocrx_word' id='word_1_128' title='bbox 540 1986 792 2067; x_wconf 79' lang='lat' dir='ltr'><strong>imaginibus</strong></span> <span class='ocrx_word' id='word_1_129' title='bbox 820 1986 1056 2049; x_wconf 86' lang='lat' dir='ltr'><strong>idolatricis.</strong></span> 
     </span>
    </p>
   </div>
   <div class='ocr_carea' id='block_1_9' title="bbox 114 2160 1095 3403">
    <p class='ocr_par' dir='ltr' id='par_1_10' title="bbox 118 2160 1057 2275">
     <span class='ocr_line' id='line_1_19' title="bbox 118 2160 1057 2275; baseline -0.001 -48"><span class='ocrx_word' id='word_1_130' title='bbox 118 2160 332 2275; x_wconf 50' lang='lat' dir='ltr'><strong>*Vsitatum</strong></span> <span class='ocrx_word' id='word_1_131' title='bbox 338 2165 505 2246; x_wconf 88' lang='lat' dir='ltr'><strong>prophetis</strong></span> <span class='ocrx_word' id='word_1_132' title='bbox 520 2171 578 2242; x_wconf 88' lang='lat' dir='ltr'><strong>est,</strong></span> <span class='ocrx_word' id='word_1_133' title='bbox 593 2171 633 2228; x_wconf 88' lang='lat' dir='ltr'><strong>ut</strong></span> <span class='ocrx_word' id='word_1_134' title='bbox 647 2183 730 2245; x_wconf 88' lang='lat' dir='ltr'><strong>quae</strong></span> <span class='ocrx_word' id='word_1_135' title='bbox 744 2164 878 2244; x_wconf 89' lang='lat' dir='ltr'><strong>figurate</strong></span> <span class='ocrx_word' id='word_1_136' title='bbox 893 2163 1057 2240; x_wconf 86' lang='lat' dir='ltr'><strong>dixerunt,</strong></span> 
     </span>
    </p>

    <p class='ocr_par' dir='ltr' id='par_1_11' title="bbox 114 2253 1095 3403">
     <span class='ocr_line' id='line_1_20' title="bbox 217 2253 1095 2336; baseline 0.005 -20"><span class='ocrx_word' id='word_1_137' title='bbox 217 2260 382 2336; x_wconf 71' lang='lat' dir='ltr'><strong>ea&#39;postea</strong></span> <span class='ocrx_word' id='word_1_138' title='bbox 404 2254 474 2316; x_wconf 89' lang='lat' dir='ltr'><strong>sine</strong></span> <span class='ocrx_word' id='word_1_139' title='bbox 496 2253 599 2333; x_wconf 83' lang='lat' dir='ltr'><strong>figura</strong></span> <span class='ocrx_word' id='word_1_140' title='bbox 613 2253 803 2336; x_wconf 84' lang='lat' dir='ltr'><strong>simpliciter</strong></span> <span class='ocrx_word' id='word_1_141' title='bbox 829 2253 947 2316; x_wconf 87' lang='lat' dir='ltr'><strong>dicant.</strong></span> <span class='ocrx_word' id='word_1_142' title='bbox 994 2254 1056 2316; x_wconf 84' lang='lat' dir='ltr'><strong>Ita-</strong></span> <span class='ocrx_word' id='word_1_143' title='bbox 1089 2309 1095 2320; x_wconf 92' lang='lat'><em>.</em></span> 
     </span>
     <span class='ocr_line' id='line_1_21' title="bbox 118 2341 1056 2424; baseline -0.001 -19"><span class='ocrx_word' id='word_1_144' title='bbox 118 2361 179 2422; x_wconf 90' lang='lat' dir='ltr'><strong>que</strong></span> <span class='ocrx_word' id='word_1_145' title='bbox 209 2343 290 2405; x_wconf 88' lang='lat' dir='ltr'><strong>hacc</strong></span> <span class='ocrx_word' id='word_1_146' title='bbox 316 2342 474 2424; x_wconf 87' lang='lat' dir='ltr'><strong>particula</strong></span> <span class='ocrx_word' id='word_1_147' title='bbox 500 2342 662 2424; x_wconf 84' lang='lat' dir='ltr'><strong>expositio</strong></span> <span class='ocrx_word' id='word_1_148' title='bbox 685 2348 734 2406; x_wconf 89' lang='lat' dir='ltr'><strong>est</strong></span> <span class='ocrx_word' id='word_1_149' title='bbox 761 2341 901 2424; x_wconf 88' lang='lat' dir='ltr'><strong>proximi</strong></span> <span class='ocrx_word' id='word_1_150' title='bbox 933 2361 1056 2405; x_wconf 79' lang='lat' dir='ltr'><strong>versus.</strong></span> 
     </span>
     <span class='ocr_line' id='line_1_22' title="bbox 116 2431 1058 2513; baseline -0.001 -20"><span class='ocrx_word' id='word_1_151' title='bbox 116 2431 200 2494; x_wconf 88' lang='lat' dir='ltr'><strong>Nam</strong></span> <span class='ocrx_word' id='word_1_152' title='bbox 223 2431 297 2495; x_wconf 71' lang='lat' dir='ltr'><strong>uile</strong></span> <span class='ocrx_word' id='word_1_153' title='bbox 329 2431 474 2513; x_wconf 87' lang='lat' dir='ltr'><strong>precium</strong></span> <span class='ocrx_word' id='word_1_154' title='bbox 503 2431 646 2511; x_wconf 84' lang='lat' dir='ltr'><strong>argentei</strong></span> <span class='ocrx_word' id='word_1_155' title='bbox 672 2431 858 2511; x_wconf 86' lang='lat' dir='ltr'><strong>quindecim</strong></span> <span class='ocrx_word' id='word_1_156' title='bbox 888 2435 921 2492; x_wconf 89' lang='lat' dir='ltr'><strong>et</strong></span> <span class='ocrx_word' id='word_1_157' title='bbox 947 2431 1058 2510; x_wconf 85' lang='lat' dir='ltr'><strong>sesqui</strong></span> 
     </span>
     <span class='ocr_line' id='line_1_23' title="bbox 117 2517 1058 2600; baseline -0.003 -17"><span class='ocrx_word' id='word_1_158' title='bbox 117 2540 209 2584; x_wconf 88' lang='lat' dir='ltr'><strong>corus</strong></span> <span class='ocrx_word' id='word_1_159' title='bbox 230 2520 338 2596; x_wconf 90' lang='lat' dir='ltr'><strong>tritici,</strong></span> <span class='ocrx_word' id='word_1_160' title='bbox 363 2521 481 2600; x_wconf 89' lang='lat' dir='ltr'><strong>quibus</strong></span> <span class='ocrx_word' id='word_1_161' title='bbox 504 2520 683 2582; x_wconf 87' lang='lat' dir='ltr'><strong>adulteram</strong></span> <span class='ocrx_word' id='word_1_162' title='bbox 706 2519 768 2582; x_wconf 89' lang='lat' dir='ltr'><strong>sibi</strong></span> <span class='ocrx_word' id='word_1_163' title='bbox 791 2519 884 2599; x_wconf 83' lang='lat' dir='ltr'><strong>quasi</strong></span> <span class='ocrx_word' id='word_1_164' title='bbox 902 2517 989 2594; x_wconf 87' lang='lat' dir='ltr'><strong>emit,</strong></span> <span class='ocrx_word' id='word_1_165' title='bbox 1013 2537 1058 2580; x_wconf 90' lang='lat' dir='ltr'><strong>ne</strong></span> 
     </span>
     <span class='ocr_line' id='line_1_24' title="bbox 117 2607 1058 2686; baseline -0.004 -14"><span class='ocrx_word' id='word_1_166' title='bbox 117 2615 255 2672; x_wconf 80' lang='lat' dir='ltr'><strong>sectetur</strong></span> <span class='ocrx_word' id='word_1_167' title='bbox 284 2608 405 2672; x_wconf 79' lang='lat' dir='ltr'><strong>alienos</strong></span> <span class='ocrx_word' id='word_1_168' title='bbox 432 2628 573 2685; x_wconf 88' lang='lat' dir='ltr'><strong>amores,</strong></span> <span class='ocrx_word' id='word_1_169' title='bbox 602 2607 686 2670; x_wconf 88' lang='lat' dir='ltr'><strong>nihil</strong></span> <span class='ocrx_word' id='word_1_170' title='bbox 716 2607 804 2670; x_wconf 81' lang='lat' dir='ltr'><strong>aliud</strong></span> <span class='ocrx_word' id='word_1_171' title='bbox 834 2612 923 2683; x_wconf 87' lang='lat' dir='ltr'><strong>sunt,</strong></span> <span class='ocrx_word' id='word_1_172' title='bbox 955 2626 1058 2686; x_wconf 80' lang='lat' dir='ltr'><strong>quam.</strong></span> 
     </span>
     <span class='ocr_line' id='line_1_25' title="bbox 115 2695 1058 2778; baseline -0.002 -18"><span class='ocrx_word' id='word_1_173' title='bbox 115 2698 206 2762; x_wconf 84' lang='lat' dir='ltr'><strong>triste</strong></span> <span class='ocrx_word' id='word_1_174' title='bbox 229 2696 364 2760; x_wconf 82' lang='lat' dir='ltr'><strong>exiiium</strong></span> <span class='ocrx_word' id='word_1_175' title='bbox 386 2698 470 2760; x_wconf 88' lang='lat' dir='ltr'><strong>inter</strong></span> <span class='ocrx_word' id='word_1_176' title='bbox 492 2703 613 2778; x_wconf 83' lang='lat' dir='ltr'><strong>gentes,</strong></span> <span class='ocrx_word' id='word_1_177' title='bbox 637 2716 658 2758; x_wconf 89' lang='lat' dir='ltr'><strong>a</strong></span> <span class='ocrx_word' id='word_1_178' title='bbox 680 2696 799 2777; x_wconf 82' lang='lat' dir='ltr'><strong>quibus</strong></span> <span class='ocrx_word' id='word_1_179' title='bbox 814 2695 935 2760; x_wconf 88' lang='lat' dir='ltr'><strong>duriter</strong></span> <span class='ocrx_word' id='word_1_180' title='bbox 949 2695 1058 2758; x_wconf 89' lang='lat' dir='ltr'><strong>habiti</strong></span> 
     </span>
     <span class='ocr_line' id='line_1_26' title="bbox 116 2786 1058 2865; baseline -0.001 -16"><span class='ocrx_word' id='word_1_181' title='bbox 116 2793 191 2850; x_wconf 86' lang='lat' dir='ltr'><strong>sunt</strong></span> <span class='ocrx_word' id='word_1_182' title='bbox 217 2786 390 2850; x_wconf 80' lang='lat' dir='ltr'><strong>israelitae.</strong></span> <span class='ocrx_word' id='word_1_183' title='bbox 435 2787 580 2850; x_wconf 83' lang='lat' dir='ltr'><strong>Fuerunt</strong></span> <span class='ocrx_word' id='word_1_184' title='bbox 608 2787 697 2848; x_wconf 88' lang='lat' dir='ltr'><strong>enim</strong></span> <span class='ocrx_word' id='word_1_185' title='bbox 724 2786 793 2849; x_wconf 87' lang='lat' dir='ltr'><strong>sine</strong></span> <span class='ocrx_word' id='word_1_186' title='bbox 822 2805 896 2865; x_wconf 88' lang='lat' dir='ltr'><strong>rege</strong></span> <span class='ocrx_word' id='word_1_187' title='bbox 923 2791 956 2848; x_wconf 81' lang='lat' dir='ltr'><strong>et</strong></span> <span class='ocrx_word' id='word_1_188' title='bbox 985 2786 1058 2848; x_wconf 89' lang='lat' dir='ltr'><strong>sine</strong></span> 
     </span>
     <span class='ocr_line' id='line_1_27' title="bbox 115 2871 1055 2957; baseline -0.003 -19"><span class='ocrx_word' id='word_1_189' title='bbox 115 2874 270 2957; x_wconf 90' lang='lat' dir='ltr'><strong>principe,</strong></span> <span class='ocrx_word' id='word_1_190' title='bbox 293 2875 357 2938; x_wconf 90' lang='lat' dir='ltr'><strong>hcc</strong></span> <span class='ocrx_word' id='word_1_191' title='bbox 379 2880 437 2950; x_wconf 79' lang='lat' dir='ltr'><strong>est,</strong></span> <span class='ocrx_word' id='word_1_192' title='bbox 460 2875 611 2938; x_wconf 83' lang='lat' dir='ltr'><strong>vixerunt</strong></span> <span class='ocrx_word' id='word_1_193' title='bbox 632 2875 693 2938; x_wconf 91' lang='lat' dir='ltr'><strong>sub</strong></span> <span class='ocrx_word' id='word_1_194' title='bbox 712 2873 849 2938; x_wconf 86' lang='lat' dir='ltr'><strong>ethnicis</strong></span> <span class='ocrx_word' id='word_1_195' title='bbox 864 2871 1055 2952; x_wconf 84' lang='lat' dir='ltr'><strong>magistrati·</strong></span> 
     </span>
     <span class='ocr_line' id='line_1_28' title="bbox 114 2963 1055 3038; baseline -0.001 -13"><span class='ocrx_word' id='word_1_196' title='bbox 114 2964 185 3026; x_wconf 88' lang='lat' dir='ltr'><strong>bus.</strong></span> <span class='ocrx_word' id='word_1_197' title='bbox 239 2963 363 3026; x_wconf 88' lang='lat' dir='ltr'><strong>Deinde</strong></span> <span class='ocrx_word' id='word_1_198' title='bbox 391 2969 562 3026; x_wconf 84' lang='lat' dir='ltr'><strong>caruerunt</strong></span> <span class='ocrx_word' id='word_1_199' title='bbox 594 2963 761 3038; x_wconf 88' lang='lat' dir='ltr'><strong>sacrificio,</strong></span> <span class='ocrx_word' id='word_1_200' title='bbox 796 2963 858 3024; x_wconf 89' lang='lat' dir='ltr'><strong>hoc</strong></span> <span class='ocrx_word' id='word_1_201' title='bbox 891 2967 952 3037; x_wconf 91' lang='lat' dir='ltr'><strong>est,</strong></span> <span class='ocrx_word' id='word_1_202' title='bbox 988 2972 1055 3024; x_wconf 90' lang='lat' dir='ltr'><strong>non</strong></span> 
     </span>
     <span class='ocr_line' id='line_1_29' title="bbox 114 3047 1055 3133; baseline -0.004 -19"><span class='ocrx_word' id='word_1_203' title='bbox 114 3050 311 3133; x_wconf 88' lang='lat' dir='ltr'><strong>permissum</strong></span> <span class='ocrx_word' id='word_1_204' title='bbox 333 3051 381 3114; x_wconf 86' lang='lat' dir='ltr'><strong>eis</strong></span> <span class='ocrx_word' id='word_1_205' title='bbox 403 3051 467 3114; x_wconf 87' lang='lat' dir='ltr'><strong>fuit</strong></span> <span class='ocrx_word' id='word_1_206' title='bbox 488 3071 509 3113; x_wconf 92' lang='lat' dir='ltr'><strong>a</strong></span> <span class='ocrx_word' id='word_1_207' title='bbox 530 3051 695 3132; x_wconf 86' lang='lat' dir='ltr'><strong>gentibus,</strong></span> <span class='ocrx_word' id='word_1_208' title='bbox 720 3057 757 3113; x_wconf 92' lang='lat' dir='ltr'><strong>ut</strong></span> <span class='ocrx_word' id='word_1_209' title='bbox 779 3049 892 3132; x_wconf 83' lang='lat' dir='ltr'><strong>patriis</strong></span> <span class='ocrx_word' id='word_1_210' title='bbox 915 3047 1055 3111; x_wconf 76' lang='lat' dir='ltr'><strong>errltibus</strong></span> 
     </span>
     <span class='ocr_line' id='line_1_30' title="bbox 114 3136 1057 3222; baseline -0.003 -19"><span class='ocrx_word' id='word_1_211' title='bbox 114 3145 292 3204; x_wconf 82' lang='lat' dir='ltr'><strong>uterentur.</strong></span> <span class='ocrx_word' id='word_1_212' title='bbox 337 3139 452 3220; x_wconf 87' lang='lat' dir='ltr'><strong>Itaque</strong></span> <span class='ocrx_word' id='word_1_213' title='bbox 476 3140 616 3222; x_wconf 90' lang='lat' dir='ltr'><strong>populus</strong></span> <span class='ocrx_word' id='word_1_214' title='bbox 637 3139 754 3216; x_wconf 84' lang='lat' dir='ltr'><strong>Israel,</strong></span> <span class='ocrx_word' id='word_1_215' title='bbox 782 3144 939 3218; x_wconf 85' lang='lat' dir='ltr'><strong>tanquam</strong></span> <span class='ocrx_word' id='word_1_216' title='bbox 967 3136 1057 3200; x_wconf 87' lang='lat' dir='ltr'><strong>adul·</strong></span> 
     </span>
     <span class='ocr_line' id='line_1_31' title="bbox 115 3227 1058 3308; baseline -0.006 -14"><span class='ocrx_word' id='word_1_217' title='bbox 115 3235 184 3294; x_wconf 83' lang='lat' dir='ltr'><strong>tera</strong></span> <span class='ocrx_word' id='word_1_218' title='bbox 204 3230 247 3292; x_wconf 91' lang='lat' dir='ltr'><strong>ab</strong></span> <span class='ocrx_word' id='word_1_219' title='bbox 271 3231 468 3293; x_wconf 86' lang='lat' dir='ltr'><strong>amatoribus</strong></span> <span class='ocrx_word' id='word_1_220' title='bbox 490 3228 624 3306; x_wconf 73' lang='lat' dir='ltr'><strong>deserta</strong></span> <span class='ocrx_word' id='word_1_221' title='bbox 649 3228 733 3291; x_wconf 89' lang='lat' dir='ltr'><strong>sedit</strong></span> <span class='ocrx_word' id='word_1_222' title='bbox 752 3227 836 3290; x_wconf 88' lang='lat' dir='ltr'><strong>inter</strong></span> <span class='ocrx_word' id='word_1_223' title='bbox 851 3232 972 3308; x_wconf 83' lang='lat' dir='ltr'><strong>gentes,</strong></span> <span class='ocrx_word' id='word_1_224' title='bbox 996 3245 1058 3288; x_wconf 87' lang='lat' dir='ltr'><strong>nec</strong></span> 
     </span>
     <span class='ocr_line' id='line_1_32' title="bbox 115 3317 781 3403; baseline 0 -23"><span class='ocrx_word' id='word_1_225' title='bbox 115 3317 294 3403; x_wconf 85' lang='lat' dir='ltr'><strong>fornicatus</strong></span> <span class='ocrx_word' id='word_1_226' title='bbox 317 3318 529 3400; x_wconf 88' lang='lat' dir='ltr'><strong>estamplius</strong></span> <span class='ocrx_word' id='word_1_227' title='bbox 549 3318 585 3380; x_wconf 94' lang='lat' dir='ltr'><strong>in</strong></span> <span class='ocrx_word' id='word_1_228' title='bbox 607 3324 691 3382; x_wconf 82' lang='lat' dir='ltr'><strong>terra</strong></span> <span class='ocrx_word' id='word_1_229' title='bbox 714 3337 781 3380; x_wconf 86' lang='lat' dir='ltr'><strong>sua.</strong></span> 
     </span>
    </p>
   </div>
   <div class='ocr_carea' id='block_1_10' title="bbox 157 3459 335 3470">
    <p class='ocr_par' dir='ltr' id='par_1_12' title="bbox 157 3459 335 3470">
     <span class='ocr_line' id='line_1_33' title="bbox 157 3459 335 3470; baseline -0.011 0"><span class='ocrx_word' id='word_1_230' title='bbox 157 3459 335 3470; x_wconf 63' lang='grc' dir='ltr'>-ι--ι--ο-</span> 
     </span>
    </p>
   </div>
   <div class='ocr_carea' id='block_1_11' title="bbox 206 3525 717 3596">
    <p class='ocr_par' dir='ltr' id='par_1_13' title="bbox 206 3525 717 3596">
     <span class='ocr_line' id='line_1_34' title="bbox 206 3525 717 3596; baseline 0 -16"><span class='ocrx_word' id='word_1_231' title='bbox 206 3528 234 3596; x_wconf 82' lang='lat'><strong>1&gt;</strong></span> <span class='ocrx_word' id='word_1_232' title='bbox 254 3529 279 3582; x_wconf 86' lang='lat' dir='ltr'><strong>r.</strong></span> <span class='ocrx_word' id='word_1_233' title='bbox 300 3525 428 3582; x_wconf 75' lang='lat' dir='ltr'><strong>corinth.</strong></span> <span class='ocrx_word' id='word_1_234' title='bbox 449 3526 507 3580; x_wconf 84' lang='lat'>11.·</span> <span class='ocrx_word' id='word_1_235' title='bbox 543 3525 655 3593; x_wconf 71' lang='lat' dir='ltr'><strong>aaa.</strong></span> <span class='ocrx_word' id='word_1_236' title='bbox 674 3525 717 3580; x_wconf 77' lang='lat' dir='ltr'><strong>aa.</strong></span> 
     </span>
    </p>
   </div>
   <div class='ocr_carea' id='block_1_12' title="bbox 169 3700 1050 3849">
    <p class='ocr_par' dir='ltr' id='par_1_14' title="bbox 169 3700 1050 3849">
     <span class='ocr_line' id='line_1_35' title="bbox 173 3700 1050 3773; baseline -0.001 -18"><span class='ocrx_word' id='word_1_237' title='bbox 173 3751 182 3755; x_wconf 81' lang='grc'><strong>-</strong></span> <span class='ocrx_word' id='word_1_238' title='bbox 204 3705 232 3773; x_wconf 63' lang='lat' dir='ltr'><strong>P)</strong></span> <span class='ocrx_word' id='word_1_239' title='bbox 250 3705 368 3758; x_wconf 81' lang='lat' dir='ltr'><strong>Incoll.</strong></span> <span class='ocrx_word' id='word_1_240' title='bbox 387 3705 458 3758; x_wconf 83' lang='lat' dir='ltr'><strong>Ien:</strong></span> <span class='ocrx_word' id='word_1_241' title='bbox 474 3704 505 3756; x_wconf 53' lang='grc'><strong>,1.</strong></span> <span class='ocrx_word' id='word_1_242' title='bbox 524 3702 587 3759; x_wconf 84' lang='lat' dir='ltr'><strong>Oor.</strong></span> <span class='ocrx_word' id='word_1_243' title='bbox 601 3701 643 3758; x_wconf 69' lang='lat'><strong>12</strong></span> <span class='ocrx_word' id='word_1_244' title='bbox 681 3700 723 3770; x_wconf 74' lang='grc'><strong>*·)</strong></span> <span class='ocrx_word' id='word_1_245' title='bbox 735 3703 771 3755; x_wconf 89' lang='lat' dir='ltr'><strong>In</strong></span> <span class='ocrx_word' id='word_1_246' title='bbox 788 3716 875 3768; x_wconf 83' lang='lat' dir='ltr'><strong>marg.</strong></span> <span class='ocrx_word' id='word_1_247' title='bbox 894 3701 956 3757; x_wconf 85' lang='lat' dir='ltr'><strong>coll.</strong></span> <span class='ocrx_word' id='word_1_248' title='bbox 970 3701 1050 3756; x_wconf 83' lang='lat' dir='ltr'><strong>Ian:</strong></span> 
     </span>
     <span class='ocr_line' id='line_1_36' title="bbox 169 3775 538 3849; baseline -0.008 -18"><span class='ocrx_word' id='word_1_249' title='bbox 169 3776 270 3849; x_wconf 69' lang='lat' dir='ltr'><strong>casido</strong></span> <span class='ocrx_word' id='word_1_250' title='bbox 286 3775 412 3844; x_wconf 88' lang='lat' dir='ltr'><strong>proximi</strong></span> <span class='ocrx_word' id='word_1_251' title='bbox 430 3790 538 3830; x_wconf 82' lang='lat' dir='ltr'><strong>versus.</strong></span> 
     </span>
    </p>
   </div>
   <div class='ocr_carea' id='block_1_13' title="bbox 0 0 1292 4225">
    <p class='ocr_par' dir='ltr' id='par_1_15' title="bbox 0 0 1292 4225">
     <span class='ocr_line' id='line_1_37' title="bbox 0 0 1292 4225; baseline 0 2"><span class='ocrx_word' id='word_1_252' title='bbox 0 0 1292 4225; x_wconf 95' lang='lat' dir='ltr'><strong> </strong></span> 
     </span>
    </p>
   </div>
  </div>
 </body>
</html>
