2575 4225
426 270 552 333 Hoseae
575 225 761 352 prophetae.
999 275 1061 339 331

15 449 18 452 ’
120 447 298 530 incipimus
321 446 384 510 fide
407 444 585 529 possidere,
616 449 696 512 dum
718 450 772 512 hie
795 448 949 527 vivimus,
980 454 1063 518 sicut

121 536 284 601 Iohannes
300 533 412 600 dicit:¹
440 537 534 599 Nunc
550 558 662 600 sumus
685 538 744 600 filii
759 538 820 614 dei,
845 538 902 601 sed
917 541 1063 605 nondum

121 628 298 689 revelatum
319 631 377 701 est,
401 646 476 688 cum
499 631 608 690 autem
622 627 823 703 revelabitur,
848 627 965 691 erimus
982 631 1064 694 sicut

121 716 191 797 ipse
214 721 273 778 est.
310 789 313 795 ¹

12 950 15 989 ,
165 891 233 1003 Er
263 893 453 967 sciemus,
490 898 529 955 et
556 892 837 969 incumbemus
865 894 905 957 in
933 896 986 973 id,
1017 904 1063 961 ut

125 1050 128 1055 ,
229 1000 514 1061 cognoscamus
537 981 752 1044 dominum.

167 1165 220 1222 ota
247 1166 296 1223 est
317 1159 444 1242 phrasis
472 1159 508 1219 in
535 1158 632 1222 verbo
662 1156 789 1235 ,lada‘.*
835 1160 1063 1242 Complectitur

190 1249 279 1311 enim
301 1249 454 1311 noticiam
477 1247 539 1323 dei,
571 1253 603 1309 et
625 1248 841 1311 ministerium
863 1250 966 1327 vorbi,
998 1270 1062 1331 quo

12 1331 13 1346 ³
121 1356 197 1407 vera
225 1337 278 1400 dei
310 1337 429 1423 noticia
458 1342 662 1417 propagatur.
717 1337 858 1401 Pertinet
886 1339 983 1419 igitur
1009 1341 1062 1403 1110

12 1470 13 1512 3
120 1426 211 1489 locus
239 1426 281 1488 ad
314 1432 442 1508 tempus
477 1426 608 1489 revelati
639 1426 810 1505 evangelii,
844 1434 917 1508 post
944 1429 1063 1493 Christi

12 1531 13 1604 ᾗ
120 1516 401 1591 resurrectionem,
431 1534 506 1577 cum
529 1520 562 1577 et
587 1514 720 1595 spiritus
749 1521 878 1579 sanctus
909 1518 1061 1598 apostolis

12 1633 19 1681 3·
120 1604 232 1680 datus,
265 1609 297 1665 et
323 1604 502 1666 ministerio
531 1623 642 1665 eorum
673 1604 793 1667 noticia
815 1604 880 1681 dei,
912 1608 974 1669 hoo
1003 1614 1060 1683 est,

12 1699 13 1766 ᾗ
122 1693 243 1756 Christi
257 1694 449 1755 beneficium
471 1694 507 1754 in
522 1712 634 1755 omnes
658 1698 764 1774 partes
780 1699 936 1759 terrarum
952 1716 1063 1775 sparsa

12 1779 13 1829 i
120 1788 179 1858 est,
203 1788 277 1845 tum
292 1782 379 1844 enim
403 1781 527 1844 accensi
550 1781 652 1842 animi
667 1802 724 1862 per
748 1782 898 1862 spiritum
914 1790 1062 1847 sanctum

119 1891 241 1951 magno
264 1871 371 1934 studio
393 1871 528 1954 verbum
551 1870 693 1951 amplexi
716 1876 800 1933 sunt.
848 1870 937 1934 Sicut
960 1876 1061 1934 osten·

118 1959 170 2022 dit
191 1960 327 2022 historia
349 1960 574 2041 apostolorum.

215 2043 297 2112 ²Sed
319 2049 373 2113 1110
395 2054 472 2112 nota
493 2068 614 2111 nomen
634 2048 771 2124 ,Iehova‘
796 2047 875 2112 dicit
898 2050 986 2112 enim
1009 2050 1061 2114 do-

118 2139 250 2201 minum
271 2145 343 2202 tum
365 2140 509 2219 primum
531 2157 604 2200 vere
627 2137 790 2217 agnituros
805 2139 962 2217 homines,
988 2161 1062 2203 curn

120 2227 269 2291 doctrina
292 2228 332 2290 de
355 2228 481 2290 Christo
510 2227 735 2306 spargetursin
757 2226 927 2290 mundum.
974 2229 1062 2292 Num

119 2317 220 2397 igitur
244 2323 339 2380 antea
353 2317 443 2379 nulla
465 2316 518 2378 dei
533 2315 652 2378 noticia
671 2315 706 2376 in
721 2315 843 2379 mundo
867 2316 954 2379 fuit?
1000 2318 1062 2380 sed

120 2407 262 2487 pertinet
291 2407 451 2468 sententia
477 2407 558 2467 haec
593 2404 635 2466 ad
671 2404 742 2466 illos
772 2406 928 2484 evangelii
957 2405 1059 2468 locos:

120 2495 223 2557 Nemo
259 2495 351 2558 novit
379 2501 504 2576 patrem
532 2493 596 2555 nisi
628 2493 723 2555 filius.
777 2493 876 2554 Item:
918 2494 983 2566 Qui
1009 2515 1061 2556 me

120 2584 219 2660 videt,
243 2584 333 2647 videt
354 2589 480 2664 patrem
497 2601 617 2657 meum,
642 2601 720 2642 narn
744 2581 804 2644 etsi
827 2585 943 2644 natura
964 2582 1063 2646 habet

111 2674 267 2752 ’aliquam
295 2672 348 2735 dei
375 2673 543 2747 noticiam,
575 2690 674 2750 quam
697 2670 809 2745 sumit,
840 2670 923 2734 sicut
944 2673 1063 2735 Paulus

121 2756 196 2837 ait,3
224 2783 267 2823 ex
281 2762 461 2825 visibilibus
476 2759 600 2836 mundi,
625 2766 735 2822 tamon
756 2779 793 2821 ea
808 2761 982 2840 perexigua
1005 2768 1061 2837 est,

119 2856 155 2913 et
176 2851 271 2912 facile
294 2850 463 2913 excutitur.
509 2849 571 2911 Seli
595 2848 652 2928 qui
667 2847 829 2910 Christum
854 2849 951 2924 novit,
976 2850 1063 2928 quod

16 3007 24 3020 ,
121 2941 165 3003 sit
178 2940 267 3002 filius
290 2939 352 3015 dci,
377 2959 397 3000 a
418 2939 478 3000 deo
494 2943 584 3018 patre
606 2937 735 3011 missus,
758 2942 796 2998 ut
818 2937 922 2998 salvos
946 2937 1064 3000 faceret

122 3034 315 3109 peccatores,
339 3028 393 3090 1110
415 3027 549 3089 demum
572 3045 643 3089 vere
667 3026 765 3087 deum
788 3025 886 3100 novit,
911 3025 999 3104 quod
1022 3026 1064 3089 sit

121 3110 318 3192 misericors,
346 3115 519 3196 benignus,
549 3115 655 3189 mitis,
680 3113 841 3194 placidus,
867 3113 954 3193 quod
977 3122 1064 3177 amet

121 3206 298 3281 mundum,
323 3226 389 3268 non
412 3205 528 3280 oderit,
560 3202 648 3282 quod
670 3207 851 3283 peccatores
875 3202 983 3283 cupiat
1006 3205 1063 3266 sal·

120 3315 210 3371 rare,
242 3315 310 3356 non
332 3293 474 3374 perdere.
520 3294 616 3355 Hanc
638 3292 791 3354 noticiam
814 3290 868 3352 dei
894 3292 961 3353 sola
984 3292 1062 3355 noti·

169 3487 240 3612 Ro1)
266 3484 453 3609 1110110113.
490 3483 518 3552 2)
543 3485 599 3538 Per
617 3482 767 3537 Christum
781 3483 856 3536 deus
876 3483 1062 3548 cognoscitur.

214 3575 253 3611 m.
292 3598 298 3610 .

984 3679 1066 3689 .-.-.-

213 3754 239 3821 ’)
258 3754 295 3806 Ι11
313 3767 400 3818 marg.
419 3752 481 3805 coll.
500 3752 576 3806 len:
595 3751 673 3804 Iada.
