2575 4225
213 254 278 318 526
538 253 670 317 Additio
692 253 826 318 Lutheri

212 451 299 495 mors
321 431 518 513 praevalens,
543 438 576 495 et
597 436 703 494 mutat
725 431 863 496 activam
883 432 1160 512 significationem

211 521 247 582 in
284 520 456 602 passivam.
513 521 598 582 Nam
637 521 694 582 illa
740 521 898 584 sententia
938 522 1019 583 Lxx.
1064 523 1159 602 qnod

211 629 298 672 mors
325 610 436 672 omnia
464 609 594 672 devoret
622 614 783 690 potenter,
818 629 924 689 neque
957 610 1057 673 huius
1090 611 1160 674 loci
1263 674 1268 687 ,

211 704 268 774 est,
292 717 399 777 neque
420 697 521 778 digna
542 698 703 778 spirituali
725 704 758 761 ct
772 699 959 779 prophetica
978 701 1156 780 theologia.

211 788 291 860 Quis
319 788 407 849 enim
441 788 559 863 nescit,
596 787 707 850 omnia
740 787 849 850 deberi
883 808 942 850 nos
977 794 1158 868 nostraque

210 875 316 952 morti,
340 880 378 938 ut
399 876 554 939 Horatius
577 875 677 938 dicit?
700 876 791 938 Pleni
814 882 891 938 sunt
913 873 1062 954 omnium
1078 897 1156 957 gen·
1261 874 1263 880 '

211 966 295 1028 tium
317 965 358 1028 de
379 967 442 1028 hac
463 986 498 1028 re
524 965 615 1040 libri,
645 971 678 1028 et
706 965 904 1045 experientia
930 967 1066 1046 querula
1092 986 1155 1030 nos

211 1054 245 1116 id
268 1055 370 1130 docet,
393 1055 539 1130 velimus,
563 1054 713 1129 nolimus,
737 1054 866 1116 assidue
889 1055 1040 1118 omnibus
1063 1056 1155 1119 horis
1267 1104 1270 1107 -

211 1149 243 1206 et
265 1144 449 1206 momentis.

298 1233 376 1295 Ideo
398 1233 516 1294 Paulus
538 1233 619 1293 Lxx.
642 1232 942 1311 interpretationem
964 1231 1152 1312 reprobans,

211 1340 319 1384 veram
343 1327 375 1384 et
397 1321 598 1402 spiritualem
620 1321 815 1383 sententiam
837 1321 967 1402 profert,
991 1340 1059 1383 non
1082 1339 1152 1383 esse

212 1410 399 1486 dicendum,
430 1410 518 1489 quod
540 1429 626 1472 mors
657 1409 767 1472 omnia
794 1409 924 1472 devoret
954 1409 1149 1490 praevalida,
1179 1447 1185 1450 -
1255 1483 1258 1488 ,

211 1498 268 1560 scd
295 1498 382 1577 quod
410 1519 497 1560 mors
527 1499 674 1559 omnium
709 1497 890 1560 devoratrix
924 1497 1155 1578 potentissima

211 1587 253 1648 sit
276 1585 437 1650 devorata.
470 1586 561 1649 ,Ideo
583 1586 735 1648 transfert
757 1587 897 1667 passive:
922 1587 1086 1666 Absorpta
1103 1593 1153 1650 est

210 1695 296 1738 mors
319 1677 355 1737 in
376 1676 552 1739 victoriam.
599 1675 683 1737 Satis
706 1680 816 1738 autem
837 1681 971 1751 constat,
999 1676 1058 1738 ubi
1081 1695 1153 1756 pas·
1268 1710 1271 1713 ·

211 1765 280 1829 siva
301 1765 493 1845 significatio
517 1771 578 1841 est,
604 1764 702 1827 simul
722 1765 803 1845 poni
825 1765 978 1841 activam,
1003 1770 1036 1827 et
1058 1784 1153 1827 econ*

210 1861 270 1931 tra,
292 1859 330 1916 ut
352 1855 415 1916 fert
436 1860 551 1916 natura
569 1854 784 1929 relativorum,
808 1859 922 1916 mutuo
938 1872 1006 1916 sese
1021 1860 1155 1934 ponunt

210 1948 243 2004 et
265 1943 398 2019 tollunt,
428 1943 486 2005 ubi
508 1942 629 2005 scilicet
652 1947 700 2004 est
730 1943 913 2022 absorptus,
943 1961 1071 2004 necesse
1101 1948 1155 2006 cst

209 2038 247 2094 ut
274 2033 317 2094 sit
350 2032 533 2095 absorbens.
580 2031 663 2092 Cum
697 2051 771 2111 ergo
800 2030 830 2092 S.
861 2031 980 2093 Paulus
1013 2031 1154 2094 voluerit

209 2123 372 2202 passivam
388 2121 665 2201 significationem,
688 2120 796 2196 idest,
821 2121 971 2201 absorpta
987 2125 1036 2183 est
1049 2141 1149 2199 mors,

208 2211 359 2291 proferre,
384 2211 482 2272 simul
503 2209 698 2289 significavit
718 2210 808 2270 iliam
832 2209 970 2274 activam
990 2209 1148 2287 significa.
1270 2242 1274 2293 3

208 2299 330 2362 tionem
357 2318 427 2362 esse
455 2299 491 2359 in
518 2299 639 2360 Iesaiae
668 2304 761 2360 textu
789 2297 1049 2377 intelligendam,
1081 2320 1150 2361 non

208 2410 266 2470 pro
296 2393 413 2465 morte,
449 2388 506 2450 sed
540 2392 652 2450 contra
685 2392 832 2449 mortem.
878 2388 921 2449 Et
946 2387 1027 2448 Lxx.
1062 2389 1151 2450 maie
1267 2426 1273 2466 ξ

207 2478 353 2541 vertisse:
378 2476 549 2540 Devoravit
571 2496 657 2538 mors
680 2477 866 2557 praevalens
885 2476 920 2537 in
935 2476 1150 2541 nominativo.
1258 2477 1274 2568 ᾖς,

207 2566 270 2628 Sed
292 2566 392 2629 fuisse
414 2565 619 2630 vertendum:
643 2564 815 2630 Devoravit
829 2564 964 2643 (scilicet
978 2564 1063 2627 filius
1080 2564 1151 2644 dei)
1272 2626 1274 2629 .

205 2661 352 2730 mortem,
376 2656 412 2715 in
434 2654 624 2730 accusativo,
648 2654 685 2715 in
706 2652 873 2717 vintoniam
895 2654 961 2715 sive
983 2653 1148 2734 inpfinem.

205 2744 256 2803 Sic
280 2747 329 2804 cst
350 2742 439 2802 enim
460 2742 496 2802 in
519 2742 659 2803 Ebraeo:
694 2742 881 2825 Devoravit,
905 2743 1066 2823 absorpsit
1089 2762 1149 2805 seu
1272 2798 1274 2819 ,

205 2829 428 2912 praecipitavit
442 2834 580 2891 mortem
594 2830 630 2891 in
645 2831 879 2911 sempiternum
895 2850 951 2893 seu
966 2831 1150 2899 victoriam,
1265 2823 1274 2883 f

293 2920 333 2982 In
355 2919 532 2995 victoriam,
558 2918 645 2999 quod
669 2920 792 2982 ebraice
816 2919 993 2995 dicitur·,la
1007 2920 1151 2983 Nezach‘

205 3009 298 3071 credo
320 3014 405 3071 recte
420 3009 461 3071 ab
477 3008 620 3089 apostolo
635 3028 765 3092 versum
781 3028 857 3071 esse.
898 3008 1011 3071 Sciunt
1026 3009 1152 3071 Ebraei

204 3098 271 3158 vim
293 3098 440 3160 vocabuli
462 3098 604 3172 Nezach,
633 3116 702 3159 esse
725 3097 760 3158 in
784 3097 870 3177 quod
894 3102 957 3174 est,
982 3116 1151 3177 superare,
1265 3126 1274 3189 3:

205 3186 401 3265 superiorem
417 3206 495 3263 csse,
513 3187 649 3262 vincere,
666 3186 857 3267 praevalere,
874 3204 1030 3267 praeesse,
1055 3207 1146 3267 prae·
1265 3193 1274 3260 ζ’]

204 3273 373 3351 dominari,
398 3280 436 3337 ut
457 3275 500 3337 sit
522 3294 652 3337 sensus:
676 3275 838 3355 Absorpta
861 3280 909 3337 est
931 3294 1017 3338 mors
1041 3275 1077 3336 in
1100 3276 1146 3339 vi-

26 3358 78 3439 ?sc,;'.
204 3362 350 3439 ctoriam,
375 3363 495 3440 idest,
528 3364 679 3444 absorpta
700 3369 803 3427 morte
833 3364 1008 3444 praevalet,
1042 3362 1108 3425 don

203 3458 313 3527 natur,
338 3458 464 3532 regnat,
489 3452 669 3532 triumphat
690 3454 773 3528 vita,
799 3452 959 3531 significat
981 3452 1068 3515 enim
1092 3454 1108 3531 (¹

203 3542 412 3619 grammatica
431 3541 536 3619 docet)
559 3548 685 3612 motum
708 3541 750 3603 ad
772 3540 888 3617 locum,
913 3541 979 3605 sive
1002 3542 1053 3620 (ut
1072 3542 1116 3621 pt

203 3627 330 3709 losophi
352 3629 392 3691 de
416 3630 483 3693 suis
505 3631 601 3694 rebus
624 3630 750 3709 dicunt)
773 3630 872 3692 finem
895 3630 1082 3692 ultimatum
1111 3650 1120 3689 ε

82 3773 91 3776 Α.
203 3718 305 3794 gratia
327 3719 427 3781 cuius.

1262 3618 1274 3703 ’,ς

1265 3711 1274 3766 r

1242 3779 1274 4203 t
