2575 4225
471 292 570 354 ereas
593 294 779 374 prophetae.
1050 300 1094 362 83

155 477 231 535 tem.
277 468 487 533 durissimum
521 467 648 534 hostem
681 471 849 535 habebunt
882 474 917 535 in
951 495 1003 539 me
1033 483 1093 542 eto,

154 558 305 623 iacebunt
349 558 526 635 inhumati,
573 566 816 640 prosternentur
860 562 929 626 sine
971 565 1091 629 miseri·

155 648 271 724 cordia,
296 645 458 714 utemoottt
481 646 547 715 ott
568 647 617 732 tio
640 648 730 725 δῆτα
752 648 915 731 mortuus

531 777 718 849 ¹Perditio.²

240 890 293 953 Ibi
315 889 433 971 incipit
453 889 634 965 insulteti0,
667 889 698 969 eb
725 888 759 972 it
788 889 842 957 mit
868 890 913 958 bit
935 894 1089 976 terlobten,

152 984 213 1042 tus*
231 979 366 1043 oonsilio
388 979 471 1041 nihil
493 978 633 1055 faciunt,
665 976 703 1060 ἰῷ
733 978 800 1045 oto
828 978 882 1047 mit
912 981 956 1047 bit
978 984 1091 1065 meeber

151 1076 188 1132 ut
210 1066 321 1133 videas
344 1074 375 1131 te
398 1068 482 1129 nihii
504 1088 581 1143 esee,
606 1068 648 1129 ed
671 1088 725 1131 me
747 1069 999 1149 confugiendum
1023 1094 1091 1137 esse

34 1162 40 1165 ’
150 1158 212 1221 tibi
234 1158 431 1221 monstrabo.
456 1192 498 1203 -

518 1274 586 1336 Rex
609 1268 715 1350 tuus,³

149 1380 184 1442 in
209 1400 307 1460 quem
331 1380 523 1444 confidebas.

541 1496 694 1560 Urbibus.

235 1605 384 1667 hostibus
412 1606 528 1666 melius
557 1625 637 1684 quos
668 1603 777 1668 habes.
831 1605 861 1686 q.
895 1607 925 1669 d.
956 1609 990 1670 in
1020 1630 1087 1671 uno

144 1712 212 1755 non
235 1700 345 1775 posset
367 1700 398 1757 te
422 1693 602 1783 defendere.

496 1828 545 1890 Da
567 1829 650 1891 mihi
673 1834 732 1891 eto.
926 1899 930 1903 Α

235 1954 266 2013 q.
299 1934 330 1995 d.
359 1956 425 1997 non
455 1952 627 2015 possumus
656 1935 815 2016 confidere
850 1937 926 2013 deo,
962 1945 1087 2018 oportet

142 2040 203 2083 nos
233 2022 352 2085 habere
386 2044 493 2104 regem
528 2026 582 2086 oui
615 2025 815 2087 confidamus
843 2033 902 2089 eto.
961 2046 1086 2107 semper
1177 2045 1183 2052 ·

142 2117 222 2174 sunt
244 2112 346 2194 abusi
361 2114 499 2194 regibus.
844 2121 848 2124 ’

509 2215 715 2294 Dabo'tibffl

233 2339 327 2418 quasi
357 2339 597 2420 proverbialiter
625 2340 831 2404 dictumest.
879 2348 911 2404 et
939 2347 988 2404 est
1015 2361 1083 2404 sen·

140 2426 254 2489 tentia.
303 2427 403 2504 Dabo,
434 2428 556 2492 idest:
589 2449 723 2510 possum
746 2428 838 2505 dare,
863 2437 900 2492 ut
922 2430 1006 2491 mele
1029 2430 1083 2490 ha·

139 2515 219 2578 bees
240 2523 274 2578 te
298 2517 358 2579 sub
389 2537 461 2598 rege
491 2523 523 2580 et
550 2518 689 2600 pessime
717 2538 792 2580 oum
822 2518 983 2582 auferetur
1012 2517 1081 2581 tibi.

517 2645 700 2732 Colligata.⁵

230 2758 287 2820 ibi
301 2758 463 2823 concludit
491 2761 577 2824 hene
606 2760 907 2837 comminationem,
938 2759 969 2839 eb
998 2759 1082 2843 beust

138 2845 326 2925 orietuootert
361 2847 450 2930 bobert
483 2847 528 2916 eiu
560 2849 651 2916 btmtt
678 2848 810 2932 pemobt
856 2870 922 2912 non
945 2855 1082 2930 possunt

137 2937 183 2998 ab
205 2935 377 3017 iniquitate
401 2939 490 3016 solvi,
515 2939 692 3003 iustificant
713 2945 891 3022 peecatum,
923 2938 1081 3001 sustinere

137 3045 206 3088 non
230 3034 368 3106 possunt
389 3034 427 3092 ut
448 3028 606 3092 habeatur
634 3050 693 3110 pro
723 3034 868 3110 peceato:
897 3026 950 3089 Sie
978 3028 1081 3090 nostri

136 3113 319 3179 sacerdotes
348 3117 486 3196 faciunt,
511 3115 586 3184 mein
613 3115 751 3200 &ebroini
780 3116 830 3197 bot
852 3114 907 3196 {eiu
930 3116 1013 3197 [lude
1034 3115 1081 3188 {in

137 3201 185 3270 ein
208 3202 261 3286 ioci
284 3204 441 3290 nodntpiit
464 3212 497 3270 et
520 3206 689 3270 abscondit
711 3213 888 3288 peecatum.

407 3332 539 3402 Dolores
561 3325 809 3415 par[turienttk]‚⁶

196 3433 260 3498 est:
285 3457 351 3499 non
374 3445 512 3519 possunt
534 3440 684 3519 effugere,
708 3436 822 3518 umifico
843 3434 998 3517 betboitet,
1022 3433 1080 3496 ubi

184 3544 204 3586 n
228 3530 278 3588 est
300 3526 467 3606 confessio,
491 3528 538 3591 ibi
561 3550 628 3592 non
651 3535 700 3591 est
722 3527 891 3590 medicina.
1015 3531 1019 3535 ’

184 3647 355 3658 ...ιι-.-

229 3697 257 3764 1)
286 3699 392 3768 Incipit
417 3703 463 3757 for.
490 3702 550 3756 132.
561 3704 593 3758 B.
618 3701 713 3758 Mser.
759 3701 787 3769 2)
815 3719 841 3756 v.
861 3701 885 3753 8.
931 3700 959 3767 3)
986 3715 1014 3754 v,
1035 3697 1077 3749 ro,

188 3786 209 3826 r,
230 3769 273 3821 11.
311 3769 383 3838 nv.
403 3773 445 3826 12.
487 3773 515 3843 o)
534 3792 560 3832 v.
580 3774 622 3828 13.
695 3827 700 3831 ,

879 3861 916 3912 6*
