2575 4225
437 290 564 354 Hoseae
586 291 771 372 prophetae.
1010 289 1074 354 481

131 467 278 541 visitatos,
303 473 476 547 corruptos,
500 473 533 530 et
555 467 697 549 perditos
713 475 844 549 peccato
866 487 933 532 nou
956 466 1075 545 abiicit,

132 555 195 620 sed
216 555 386 618 miseretur
407 575 518 620 eorum
539 562 573 620 et
594 557 733 638 ignoscit
754 558 810 622 eis.

142 728 420 842 ¹M1rminerimus
434 733 541 814 igitir,
563 736 797 815 poenitentiam
812 755 921 800 ueram
935 734 1077 817 incipere

234 822 275 884 ab
313 823 492 902 agnitione*
522 828 556 886 et
592 843 668 887 vera
706 825 906 888 confessione
944 825 1076 906 peccati.

135 911 249 989 Neque
272 917 382 973 autem
403 913 483 974 haec
498 916 605 992 potest
627 910 763 976 existere
787 914 855 976 sine
878 914 1003 994 ingenti
1025 913 1077 976 do·

135 999 213 1062 lore.
268 999 352 1073 Quia
380 1000 468 1062 enim
496 1020 589 1063 mens
617 1001 761 1064 intuetur
788 1003 988 1066 voluntatem
1016 1001 1077 1077 dei,

135 1093 171 1150 et
200 1093 345 1151 aeternas
374 1090 498 1170 peccati
524 1109 660 1170 poenas,
695 1090 756 1153 hoc
779 1097 840 1168 est,
872 1096 1010 1154 mortem
1037 1089 1078 1152 ob

134 1177 248 1238 cordos
277 1177 391 1254 habet,
427 1177 509 1240 serio
535 1183 771 1255 commovetur,
800 1185 833 1241 et
862 1199 929 1241 non
951 1184 1079 1241 tantum

135 1264 227 1327 dolet
254 1265 295 1328 de
325 1266 475 1329 admissis
504 1267 658 1348 peccatis,
697 1265 753 1330 sod
785 1268 883 1330 etiam
911 1273 1080 1348 peccatum

137 1372 212 1416 vere
227 1353 342 1434 incipit
355 1351 490 1418 odisse.²
524 1357 623 1418 Hunc
637 1361 763 1418 motum
776 1357 842 1419 sive
854 1356 1081 1420 contritionem

136 1443 207 1506 sive
230 1443 427 1506 attritionem
450 1443 553 1521 dicas,
586 1464 652 1506 non
675 1449 854 1508 statuemus
877 1465 953 1507 cum
975 1445 1079 1526 sophi-

136 1531 199 1594 stis
222 1549 290 1594 esse
311 1539 438 1595 motum
459 1534 610 1609 hominis,
639 1533 697 1596 sed
719 1535 850 1615 spiritus
874 1534 977 1597 sancti
1000 1553 1080 1615 opus

137 1625 199 1694 est,
224 1626 339 1682 natura
360 1621 449 1683 enim
471 1620 625 1685 destituta
640 1622 756 1702 spiritu
779 1629 898 1699 sancto,
922 1644 990 1686 non
1013 1622 1082 1685 odit

138 1714 325 1788 peccatum,
355 1710 412 1772 sed
440 1716 541 1786 amat,
576 1730 644 1772 non
666 1710 753 1772 dolet
780 1711 820 1772 de
849 1716 995 1791 peccato,
1026 1710 1082 1773 sed

139 1795 263 1876 gaudet
291 1799 430 1878 peccatis
460 1803 493 1861 et
525 1798 750 1861 occasionibus
776 1804 981 1879 peccatorum
1016 1818 1082 1861 non

141 1890 251 1966 potest
273 1887 392 1950 satiari.

233 1973 369 2055 Spiritus
393 1983 523 2039 sanctus
545 1975 644 2056 igitur
667 1995 741 2038 oum
771 1996 828 2056 per
850 1975 1084 2057 poenitentiam

140 2062 272 2143 refingit
293 2064 474 2143 hominem,
509 2064 651 2130 diversos
678 2070 785 2128 motus
812 2065 927 2129 inserit
956 2064 1082 2141 animis,

141 2152 335 2217 strideant
356 2156 481 2235 peccati
501 2154 703 2229 foeditatem,
727 2160 765 2217 ut
787 2155 928 2235 cogitent
949 2153 990 2216 de
1013 2174 1084 2235 poe·

140 2241 211 2317 nis,
248 2247 281 2304 et
306 2242 355 2304 ira
383 2242 450 2319 dei,
477 2244 537 2305 has
565 2242 774 2323 cogitationes
802 2243 946 2323 sequitur
974 2242 1087 2306 odium

142 2330 293 2411 peccati,
312 2337 345 2393 et
372 2332 487 2393 ardens
515 2332 714 2394 desiderium
741 2332 968 2410 ignoscentiae.
1015 2331 1087 2393 Etsi

143 2424 256 2481 autem
279 2438 514 2499 nonnunquam
536 2421 605 2500 ipse
626 2438 739 2482 sensus
762 2439 940 2499 poenarum
959 2418 1086 2483 animos

143 2512 339 2583 commovet,
362 2512 400 2569 ut
422 2508 554 2570 doleant
575 2507 615 2569 de
639 2506 789 2569 admissis
805 2507 953 2587 peccatis,
978 2512 1088 2570 tamen

146 2614 270 2671 vorum,
293 2600 332 2657 ut
352 2596 399 2658 ita
421 2595 537 2671 dicam,
562 2597 814 2659 instrumentum
838 2595 969 2677 spiritus
986 2596 1089 2659 saneti

143 2690 198 2747 est
225 2684 360 2749 verbum
387 2684 457 2762 dei,
494 2705 558 2765 quo
589 2684 669 2748 deus
699 2684 840 2748 ostendit
870 2690 903 2747 et
932 2685 1027 2749 irasci
1055 2704 1089 2749 se

144 2778 290 2854 peccato,
315 2780 348 2837 et
369 2780 442 2838 tum
455 2775 696 2856 temporalibus,
721 2780 793 2837 tum
816 2775 954 2839 aeternis
977 2776 1089 2857 poenis

140 2868 331 2942 'peccatores
377 2863 605 2926 subiecturum.
666 2862 761 2924 Hanc
797 2864 890 2942 quasi
924 2864 1087 2926 flammam

146 2950 255 3012 divini
276 2951 390 3014 iudicii
412 2971 487 3014 oum
509 2950 642 3031 spiritus
665 2955 796 3012 sanctus
819 2970 878 3030 per
899 2952 1033 3014 verbum
1055 2952 1090 3013 in

148 3038 247 3101 corda
268 3041 425 3117 immittit,
448 3046 519 3102 tum
534 3044 714 3120 sequuntur
736 3058 805 3101 non
822 3040 1012 3119 hypocritioi
1035 3039 1113 3113 sed,

147 3128 217 3190 veri
233 3135 265 3191 et
287 3130 361 3192 serii
376 3134 492 3204 motus,
516 3127 607 3191 dolor
628 3128 669 3191 de
685 3133 824 3209 peccato,
850 3128 1006 3190 confessio
1022 3146 1090 3209 peo-

148 3217 231 3293 cati,
278 3224 310 3281 et
345 3216 546 3302 propositum
581 3217 717 3280 cavendi
751 3222 784 3279 et
817 3215 965 3295 fugiendi
998 3236 1092 3296 porro

151 3306 284 3389 peccati.

242 3392 305 3456 Sed
331 3394 386 3457 hic
413 3414 541 3475 quoque
572 3393 791 3475 sophistarum
820 3392 942 3473 delyria
976 3398 1009 3455 et
1035 3392 1093 3454 im·

152 3482 224 3564 pias
247 3482 414 3563 opiniones
429 3484 515 3563 iuge.
561 3483 715 3545 Statuunt
738 3482 826 3544 enim
841 3481 928 3543 huno
951 3481 1092 3544 dolorem

153 3571 269 3634 mereri
291 3572 514 3635 remissionem
537 3578 750 3652 peccatorum.
797 3569 862 3632 Nos
881 3569 1019 3633 dicimus
1042 3590 1094 3633 ne·

244 3762 271 3831 1)
290 3763 471 3818 Paenitentia
482 3779 557 3819 vera.
584 3763 612 3830 2)
633 3760 777 3818 Contricio
791 3776 842 3817 seu
855 3760 962 3829 agnitio
974 3762 1092 3830 peccati,

194 3860 283 3901 Lutherl
296 3870 345 3911 opp.
358 3864 442 3911 eroget.
468 3858 517 3902 Vol.
530 3860 608 3901 xx1v.
901 3849 936 3903 31
