2575 4225
3 323 8 336 ‚
77 334 85 345 ⁴
199 260 264 321 214
504 258 609 340 Caput
631 258 810 321 secundum

199 439 261 514 sic,
293 458 334 499 ne
357 436 437 498 dum
459 443 607 517 parentes
629 437 839 512 honoramus,
869 434 948 498 deus
978 434 1140 498 afficiatur

198 526 410 601 contumelia,
440 545 516 586 nam
539 532 746 607 praeceptum
769 524 810 587 de
839 524 972 587 colendo
1002 524 1063 586 deo
1092 544 1139 587 or·

198 616 275 677 dine
298 615 387 695 prius
410 620 467 690 est,
491 614 571 677 illud
594 613 635 676 de
657 614 845 695 parentibus
860 613 1027 694 posterius.
1067 612 1138 675 Per·

198 704 281 767 tinet
303 709 412 766 autem
435 702 477 765 ad
500 703 634 783 gloriam
657 703 718 779 dei,
742 702 973 783 reprehendere
995 708 1137 782 peccata,

200 812 236 854 ac
259 792 448 873 praesertim
470 792 588 872 impios
617 793 739 868 cultus,
769 791 888 871 quibus
918 791 998 853 deus
1029 797 1139 854 contu·

198 881 296 942 melia
323 882 471 943 afficitur.
518 882 615 943 Recte
644 882 745 960 igitur
774 881 852 943 facit
878 880 1025 955 ecclesia,
1056 899 1140 959 quae

198 990 265 1032 non
288 971 439 1033 connivet
461 970 502 1031 ad
525 971 719 1032 adulterium
734 970 855 1046 matris,
880 968 937 1031 sed
951 968 1050 1031 libere
1066 988 1141 1031 eam
1262 1026 1264 1029 ,
1285 954 1287 989 ⁵

198 1058 347 1122 traducit.
395 1059 467 1122 Etsi
490 1060 578 1121 enim
599 1060 662 1121 hoc
684 1059 721 1122 fit
748 1078 823 1120 cum
850 1056 1046 1120 contumelia
1073 1076 1141 1119 ma·

198 1149 265 1224 tris,
290 1154 400 1211 tamen
422 1148 501 1210 felix
523 1148 718 1210 contumelia
740 1148 796 1209 illa
817 1145 955 1209 dicenda
977 1151 1141 1225 est-quae

199 1257 274 1298 enm
306 1238 408 1299 salute
437 1237 565 1298 animae
595 1237 766 1299 coniuncta
796 1241 860 1312 est,
895 1234 1143 1316 reprehenditur

199 1326 288 1387 enim
310 1331 488 1405 peccatum,
512 1331 550 1388 ut
572 1324 775 1401 emendetur,
804 1331 836 1388 et
859 1330 1025 1387 accusatur
1048 1344 1143 1404 syna·

199 1434 294 1492 goga,
326 1420 363 1475 ut
385 1414 566 1494 resipiscat,
596 1434 656 1476 nec
678 1419 790 1493 pergat
818 1412 915 1475 deum
945 1412 1145 1475 contumelia

200 1502 336 1578 afficere,
361 1506 394 1565 et
416 1502 480 1564 sibi
502 1509 643 1566 accersat
665 1503 811 1566 exitium.

289 1590 353 1652 Sed
374 1590 455 1653 haec
476 1592 549 1672 ipsa
571 1612 668 1654 causa
691 1591 902 1671 estingentis
925 1590 991 1653 odii
1015 1596 1047 1653 et
1062 1590 1144 1653 invi-

201 1678 289 1756 diae,
321 1700 387 1759 qua
409 1681 543 1743 ecclesia
570 1681 723 1743 omnibus
752 1680 951 1761 temporibus
981 1686 1143 1758 gravatur.
1186 1746 1192 1753 ,
1285 1736 1287 1747 1

199 1771 383 1849 Augustum
406 1770 495 1831 enim
518 1776 566 1832 est
596 1790 717 1832 nomen
745 1770 867 1831 matris.
893 1770 957 1832 -Et
985 1768 1146 1830 beneficia

200 1858 400 1921 educationis
422 1860 538 1921 merito
554 1858 780 1940 praedicantur
796 1878 816 1919 a
829 1857 1027 1939 parentibus,
1053 1856 1146 1937 apud

200 1947 317 2009 liberos
341 1953 450 2010 aut-cm
473 1953 557 2010 recte
585 1948 621 2009 in
652 1947 864 2009 admiratione
894 1952 979 2009 sunt.
1025 1946 1145 2025 ltaque

201 2056 364 2116 synagoga
386 2037 454 2098 iure
478 2037 541 2098 sibi
563 2036 655 2117 queri
677 2037 747 2099 visa
769 2042 818 2099 est
840 2036 880 2097 de
902 2036 1023 2099 iniusta
1038 2034 1144 2096 deser·

200 2126 289 2186 tione
311 2126 460 2202 filiorum,
485 2145 566 2204 quos
589 2127 624 2187 in
647 2126 747 2190 veteri
769 2127 858 2188 cultu
880 2124 1035 2187 divinitus
1051 2124 1145 2187 insti-

201 2218 272 2275 tuto
295 2218 328 2275 et
349 2215 503 2276 mandato
526 2214 676 2277 educavit
698 2220 731 2276 et
753 2214 894 2283 instituit
916 2219 953 2276 ut
967 2218 1079 2288 mater,
1105 2234 1146 2275 ae

201 2300 253 2362 ius
276 2300 413 2363 docendi
436 2302 633 2387 existimavit
656 2323 722 2365 non
745 2303 814 2365 sine
837 2302 926 2382 gravi
950 2321 1008 2364 sua
1022 2302 1148 2363 iniuria

202 2410 222 2452 a
252 2390 326 2453 filiis
355 2397 466 2454 contra
495 2396 632 2454 matrem
668 2393 824 2474 usurpari.
872 2391 960 2454 Sicut
993 2390 1147 2472 pontifex

201 2479 299 2541 hodie
322 2486 355 2543 et
377 2481 561 2558 autoritate,
594 2501 693 2560 quam
715 2482 752 2543 in
780 2480 912 2544 ecclesia
937 2481 1049 2555 habet,
1081 2499 1146 2542 nos

202 2569 336 2648 premit,
366 2576 400 2632 et
421 2591 487 2632 non
510 2571 580 2632 vult
602 2569 706 2650 redigi
728 2570 764 2632 in
790 2569 936 2632 ordinem
964 2589 984 2630 a
1012 2563 1141 2630 nobis.1

203 2655 265 2716 Sed
289 2662 417 2718 accusat
435 2679 503 2741 nos
533 2659 673 2721 iniustae
703 2658 906 2735 desertionis,
938 2658 1002 2720 sibi
1030 2662 1145 2718 autem

203 2743 500 2823 splendidissimum
528 2747 616 2809 hune
645 2748 778 2810 titulum
807 2748 922 2824 sumit,
958 2765 1055 2826 quem
1085 2743 1145 2808 hie

80 2884 83 2889 >
202 2833 360 2921 propheta
382 2853 562 2914 synagogae
585 2836 706 2912 tribuit,
731 2836 811 2897 dum
833 2839 970 2898 matrem
992 2840 1091 2898 vocat.

291 2924 339 2984 Ac
368 2925 585 3004 sycophantae
613 2925 771 3004 pontificii
799 2924 834 2986 in
862 2943 899 2986 eo
928 2924 991 2986 sibi
1020 2923 1144 3005 palma-

202 3010 288 3072 rium
309 3017 426 3091 putant
447 3011 599 3092 positum,
624 3013 653 3075 si
676 3013 879 3076 autoritatem
901 3013 1051 3075 eeclesiae
1073 3031 1143 3074 ver·

202 3099 311 3160 bisin
334 3101 459 3163 coelum
482 3121 584 3181 usque
607 3101 737 3177 tollant,
767 3106 800 3163 et
820 3101 876 3162 illa
903 3101 1019 3164 veteris
1046 3100 1143 3162 disei-

202 3187 311 3267 plinae
344 3190 473 3252 vincula
506 3190 734 3253 commendent
768 3190 977 3271 simplicibus.
1024 3189 1142 3266 Dicite,

203 3276 365 3355 inquiunt,
390 3278 419 3340 si
441 3297 497 3340 voe
520 3279 596 3341 estis
620 3279 764 3356 ecclesia,
789 3279 875 3340 unde
898 3278 1048 3359 coepistis
1071 3297 1145 3340 esse

203 3365 358 3427 ecclesia?
380 3368 433 3427 An
455 3387 522 3428 non
543 3367 579 3428 in
602 3388 704 3448 papae
723 3367 855 3430 ecclesia
870 3367 946 3429 estis
961 3366 1142 3446 baptizati?

40 3513 68 3530 Ῑ,
204 3452 268 3514 Cur
294 3453 393 3533 igitur
420 3473 507 3517 nunc
536 3457 577 3528 ab
605 3475 643 3518 ea
672 3455 856 3518 disceditis?
891 3455 954 3516 Cur
983 3461 1138 3534 tanquarr

203 3540 263 3600 filii
285 3549 451 3623 parentem
474 3534 572 3607 vultis
588 3544 725 3607 docere?
748 3545 835 3617 Quin
849 3545 957 3626 potius
973 3564 993 3606 a
1007 3551 1130 3625 parent

295 3733 322 3800 1)
341 3733 399 3787 Cur
418 3736 565 3790 autoritati
582 3752 674 3803 papae
692 3751 751 3790 non
768 3735 919 3804 paremus?
