2575 4225
473 269 554 325 2¹]
1092 238 1305 346 Caput
1349 264 1707 329 secundum

469 449 734 503 {iremus
780 459 899 522 pro
943 440 1137 505 verbo
1182 448 1408 505 contra
1449 443 1821 519 haereticos,
1870 447 2092 506 contra
2120 440 2343 506 Satha-

469 553 621 589 naffl
663 549 781 611 pro
827 530 1204 595 necessitate
1248 531 1445 595 huius
1490 531 1659 595 vitae
1704 537 1823 596 etc.

1210 660 1596 756 Exaudiam.

649 798 788 860 Non
834 798 1071 861 frustra
1115 796 1400 861 orabitis.
1493 797 1882 880 Simpliciter
1924 798 2085 860 haec
2113 794 2345 859 intelli-

469 885 677 961 gffnda
720 906 802 950 ne
848 888 1015 949 male
1044 891 1393 950 tractemus
1427 887 1828 968 scripturam.
1920 885 2153 949 Iesrael
2182 884 2345 947 desi-

469 975 715 1039 ·:lerabit
742 976 1049 1052 triticum,
1083 976 1300 1039 oleum
1330 980 1448 1038 etc.
1463 970 1488 1008 ¹
1558 976 1873 1039 Triticum
1902 975 2073 1038 volet
2101 972 2343 1049 adesse,

469 1077 633 1125 terra
675 1065 897 1129 audiet
941 1064 1333 1128 desiderium
1378 1065 1604 1141 tritici,
1664 1070 1832 1127 terra
1875 1062 2265 1127 desiderabit
2308 1081 2347 1125 e

469 1153 657 1217 -¹;·s)s².·-HS
712 1155 1021 1236 pluviam,
1086 1153 1245 1216 coeli
1299 1153 1757 1217 desiderabunt
1813 1172 1895 1215 ex
1948 1171 2071 1214 me.
2162 1150 2345 1213 Fide·

469 1245 505 1301 li
521 1245 637 1305 luis
696 1243 999 1307 omnibus
1069 1247 1393 1305 creaturae
1454 1243 1733 1306 servient
1798 1248 1864 1305 et
1929 1260 2047 1320 ego
2116 1240 2208 1303 eis
2274 1240 2348 1303 in

469 1332 768 1394 munibus
814 1331 1137 1396 creaturis,
1253 1331 1322 1394 Si
1406 1336 1625 1394 autem
1698 1330 1993 1395 voluntas
2073 1327 2179 1392 dei
2261 1329 2351 1392 sit

481 1425 533 1481 1ὑ
585 1421 688 1481 Pe.
742 1421 798 1483 1.
847 1427 924 1484 ut
965 1420 1297 1502 patiantur
1341 1419 1809 1495 necessitatem,
1858 1424 2081 1482 tamen
2125 1436 2207 1480 ne
2252 1418 2346 1481 sic

473 1509 735 1585 quidem
765 1508 1169 1590 derelinquet
1196 1508 1359 1573 deus
1391 1509 1553 1591 quin
1582 1514 1908 1572 creaturae
1939 1507 2197 1571 subsint
2224 1510 2342 1570 etc.

761 1656 805 1687 ¹⁶
1281 1669 1528 1733 -Iesrael

473 1773 727 1837 additur
802 1774 887 1838 ad
961 1775 1433 1839 obscurandam
1507 1773 1919 1857 prophetiam
2004 1779 2079 1837 ut
2153 1783 2351 1854 supra

473 1865 573 1925 alie:
581 1873 736 1926 tum.
830 1863 1010 1927 Sicut
1069 1885 1110 1926 a
1166 1865 1517 1927 Ierusalem
1547 1863 1980 1946 ¹appellantur
2024 1861 2344 1937 ecclesiae,

473 1957 593 2013 ista
641 1973 678 2016 a
719 1953 955 2017 Iesrael
998 1953 1341 2035 metropoli
1384 1958 1504 2017 etc.

1210 2113 1595 2177 Exaudiam.

649 2219 894 2281 Clarius
941 2219 1218 2283 fuissent
1246 2218 1668 2302 respondebO,
1717 2217 2199 2299 respondebunt
2228 2223 2346 2280 etc.

1040 2376 1135 2441 Et‘
1170 2378 1506 2442 seminabo
1552 2398 1716 2454 eam,
1729 2371 1755 2409 ²

473 2494 545 2546 ut
613 2485 697 2548 sit
752 2504 899 2548 mea
951 2489 1135 2548 terra.
1237 2485 1443 2549 Vides
1510 2484 1853 2548 dominum
1918 2482 2199 2546 alludere
2268 2483 2355 2547 ad

477 2594 711 2637 11z·.÷men
753 2574 987 2637 Iesrael
1032 2595 1095 2654 q.
1143 2573 1207 2637 d.
1253 2575 1401 2655 ipsa
1429 2573 1552 2636 erit
1594 2573 1762 2635 mihi
1805 2591 1952 2637 vere
1981 2572 2235 2649 Iesrael,
2282 2572 2354 2635 id

477 2674 597 2722 est:
650 2681 871 2725 semen
914 2662 1016 2726 vel
1060 2662 1403 2726 seminatio
1448 2662 1573 2739 dei,
1620 2663 1745 2724 hoc
1789 2667 1889 2724 est
1928 2661 2000 2724 in
2030 2667 2353 2743 quantum

477 2754 557 2810 sit
589 2770 809 2814 ⁴*rerum
839 2748 946 2813 dei
973 2751 1261 2828 verbum,
1312 2771 1460 2831 ergo
1491 2750 1813 2814 tutissime
1845 2750 2127 2831 sequeris
2156 2750 2354 2814 istam

477 2838 844 2918 allegoriam
888 2839 1172 2902 nominis
1217 2839 1300 2909 de
1331 2840 1615 2916 ecclesia,
1662 2840 2123 2920 interpretante
2153 2839 2356 2902 etiam

477 2930 758 2990 domino.
851 2927 938 2990 Et
980 2933 1310 3010 praeterea
1364 2948 1560 3010 supra
1628 2927 1828 2991 dixit:
1898 2928 2046 2991 Non
2096 2927 2354 3004 Iesrael,

477 3018 589 3078 sed
637 3015 861 3079 domui
904 3015 1071 3079 Iuda
1113 3017 1480 3094 miserebor,
1530 3036 1678 3096 ergo
1721 3015 1957 3079 Iesrael
2016 3022 2115 3080 est
2174 3017 2357 3098 spiri-
2407 3033 2416 3039 ’

477 3106 666 3166 malis
735 3106 904 3168 sicut
969 3111 1035 3169 et
1100 3105 1172 3168 in
1237 3107 1366 3169 fine
1426 3104 1866 3188 praecedentis
1910 3103 2159 3186 capitis.
2252 3105 2364 3167 Ex

477 3198 747 3271 utroque
792 3194 1032 3275 populo
1091 3195 1357 3257 ecclesia
1398 3200 1785 3275 congregata
1828 3199 1928 3256 est
1983 3212 2147 3273 quae
2205 3199 2363 3256 ante

481 3279 985 3344 n·1isericordiam
1051 3281 1347 3345 nondum
1402 3289 1538 3345 erat
1604 3287 1963 3344 consecuta.
2080 3281 2364 3356 Quando

481 3370 768 3434 Christus
815 3368 1001 3433 dicit.
1061 3370 1176 3450 qui
1222 3370 1563 3434 crediderit
1621 3377 1689 3434 et
1730 3370 2102 3452 baptizatus
2137 3369 2319 3433 fueri·

481 3458 641 3538 quid
685 3458 864 3521 aliud
909 3465 1007 3522 est
1051 3478 1249 3540 quam
1296 3459 1505 3523 dicere
1552 3458 1636 3522 ad
1667 3458 2027 3523 credentes.
2074 3459 2319 3541 populu

481 3566 663 3610 meus
709 3567 776 3610 es
821 3540 933 3610 tu:
981 3582 1066 3594 -
1744 3569 1750 3585 ¹

659 3738 713 3806 1)
751 3755 804 3794 v.
842 3738 930 3795 22.
1002 3739 1058 3808 2)
1097 3757 1148 3795 v.
1187 3739 1273 3793 23.
