2575 4225
440 274 567 338 Hoseae
589 274 756 357 propheta.
1007 271 1080 350 283·

130 454 202 537 ipsa
239 453 409 536 promissio
443 451 484 515 de
517 450 786 535 multiplicatione
820 452 898 517 satis
931 450 1075 517 ostendit

7 638 8 641 Ἴ
130 550 261 605 tautum
282 542 433 622 reliquias
455 542 570 624 1111111
593 541 708 624 populi
729 560 908 605 mansuras.

221 630 256 694 si
283 636 392 695 autem
418 650 554 711 quaeras
582 651 714 695 causam
736 636 846 695 tantae
871 630 951 707 irae,
986 627 1074 711 quod

11 765 15 778 .
132 720 213 783 deus
248 739 345 782 suum
378 720 536 801 populum
564 720 610 783 sic
638 720 771 785 abiicit?
822 720 973 803 Explicat
1002 740 1075 784 eam

130 808 293 891 propheta
314 809 440 890 copiose
463 810 499 872 in
527 810 556 871 2.
581 828 627 873 ca.
655 810 713 872 ubi
735 809 919 874 idolatriam
941 828 1074 889 synago·

132 918 190 979 gas
218 903 362 974 accusat,
392 898 481 979 quod
503 898 629 961 Christo
661 905 693 961 et
715 898 879 978 evangelio
907 897 1075 980 repudiato

132 986 316 1054 retinebant
328 987 443 1070 legem,
467 993 500 1050 et
515 985 736 1051 observatione
751 987 831 1067 legis
854 986 1026 1049 credebant
1041 986 1078 1049 se

134 1075 193 1137 deo
224 1076 408 1158 placituros.
459 1076 554 1138 Hanc
588 1075 726 1156 impiam
762 1075 951 1156 opinionem
983 1081 1080 1138 vocat

136 1164 399 1241 fornicationem,
441 1171 536 1227 vocat
574 1164 786 1240 adulterium,
822 1168 916 1229 vocat
950 1163 1075 1226 stultum

135 1248 242 1315 Baal.¹
293 1253 378 1326 Quia
405 1253 494 1316 enim
526 1254 631 1316 cultus
659 1252 737 1315 Baal
766 1273 786 1314 a
814 1251 964 1333 gentibus
992 1271 1078 1315 acce·

135 1347 211 1423 ptus
234 1347 312 1417 erat,
335 1341 409 1425 ideo
430 1342 493 1404 hoc
508 1342 654 1405 studium
675 1342 771 1422 legis,
797 1361 871 1405 cum
886 1346 1076 1422 contemptu

8 1477 9 1482 η
135 1430 294 1510 evangelii
316 1430 526 1494 coniunctum
548 1437 616 1494 tam
638 1431 727 1513 turpi
750 1432 882 1494 nomine
907 1436 1011 1507 notat,
1045 1436 1082 1492 et

136 1518 228 1581 addit
248 1538 378 1599 quoquc
401 1520 561 1600 integram
575 1520 780 1601 prophetiam
803 1519 975 1583 defuturis
999 1519 1077 1585 cala-

136 1607 320 1684 mitatibus,
353 1608 472 1688 quibus
494 1608 575 1671 deus
593 1610 679 1671 hanc
701 1609 882 1672 idolatriam
905 1608 1080 1691 puniturus

137 1698 187 1760 sit.
234 1697 325 1759 Haec
345 1697 445 1780 igitur
466 1698 564 1761 huius
582 1698 745 1761 concionis
768 1717 843 1778 pars
866 1698 960 1778 quasi
982 1716 1078 1777 expo·

5 1834 7 1871 ,
137 1786 211 1848 sitio
242 1786 311 1848 eius
339 1793 402 1870 est,
437 1786 525 1866 quod
551 1786 587 1848 in
621 1789 650 1849 1,
680 1806 726 1849 ca.
755 1787 913 1867 propheta
940 1786 1080 1849 breviter

137 1874 228 1938 dicit:
259 1875 327 1938 Vos
349 1895 415 1939 non
437 1876 577 1957 populus
599 1894 701 1940 meus.

135 2013 241 2132 Quae
264 2036 352 2079 nunc
374 2021 563 2097 sequuntur,
587 2016 751 2098 pertinent
766 2014 808 2079 ad
832 2015 1078 2099 explicationem
1182 2048 1184 2054 .

198 2125 268 2168 erus
296 2104 485 2187 particulae,
516 2127 536 2168 a
557 2125 622 2186 qua
653 2106 682 2169 2.
707 2105 821 2187 capitis
848 2104 979 2168 initium
1005 2096 1079 2168 feci-

5 2260 7 2271 ,
137 2213 222 2270 mus,
257 2194 316 2257 ubi
338 2196 496 2276 propheta
517 2195 711 2260 vaticinatur
734 2195 943 2272 deecclesia,
979 2215 1079 2276 quam

138 2282 219 2346 deus
246 2283 282 2358 in
311 2284 435 2353 mundo
461 2284 586 2347 abiecta
613 2299 776 2365 synagoga
805 2285 975 2347 habiturus
1002 2281 1080 2347 est*

139 2371 276 2434 Summa
298 2377 407 2434 autem
431 2371 538 2443 huius⁴
553 2373 617 2441 loci
645 2379 709 2450 est,
738 2372 826 2453 quod
855 2372 934 2435 deus
958 2381 1080 2436 novum

138 2461 298 2543 populum
327 2461 405 2524 sibi·
419 2467 589 2542 paraturus
618 2460 661 2525 sit
690 2482 748 2543 per
773 2480 895 2524 novum
923 2461 1081 2544 evangelii

137 2551 284 2612 verbum.
334 2551 425 2612 Haeo
456 2550 632 2632 prophetae
666 2551 804 2632 simplex
835 2550 994 2614 sententia
1021 2554 1079 2612 cst.

234 2633 317 2701 ²Sed
331 2659 419 2701 nunc
441 2640 559 2719 figuras
575 2658 704 2720 quoque
720 2639 831 2722 paucis
853 2638 1079 2716 indicabimus,

138 2733 177 2790 ut
211 2727 328 2790 clarius
362 2728 506 2809 conspici
543 2728 719 2810 prophetae
755 2728 914 2791 sententia
946 2721 1078 2809 possit³

138 2818 249 2902 Vetus!
270 2817 410 2901 populus
444 2837 521 2881 cum
551 2837 592 2878 ex
625 2819 773 2899 Aegypto
810 2817 1011 2893 educeretur,
1046 2817 1083 2878 in

140 2905 306 2968 desertum
340 2905 456 2968 ductus
485 2911 543 2969 est.
593 2906 643 2985 Ita
674 2907 728 2968 hic
755 2905 834 2968 dicit
862 2905 1013 2967 dominus
1042 2901 1084 2966 de
1158 2907 1160 2924 '

81 3043 86 3053 ,
140 2995 264 3077 populo
294 2994 371 3056 novi
400 2995 601 3071 testamenti,
630 3013 664 3056 se
688 3014 762 3056 eum
789 2993 888 3067 etiam
910 2992 1084 3057 ducturum

140 3084 374 3146 in-desertum.

219 3165 351 3257 *Porro
379 3171 415 3234 in
437 3171 564 3235 deserto
587 3191 667 3250 ‚cum
688 3171 788 3234 veteri
813 3170 935 3254 populo
957 3170 1086 3234 locutus

141 3267 191 3325 est
224 3260 379 3344 dominus
413 3260 449 3343 in
482 3266 593 3342 monte
615 3259 723 3340 Syna.
784 3259 835 3320 Ita
867 3259 921 3322 hic
956 3278 1086 3338 quoque

140 3344 328 3413 11111111111
350 3369 384 3411 se
414 3367 489 3411 cum
513 3369 571 3430 suo
593 3348 714 3430 populo
741 3348 892 3411 dominus
915 3346 1084 3428 promittit,

235 3523 262 3589 1)
283 3521 386 3576 0111111
398 3523 477 3577 Baal.
502 3522 531 3591 2)
551 3520 673 3577 Collatio
691 3523 827 3592 ecclcsiae
839 3521 907 3576 novi
919 3520 1086 3585 testamenti

161 3611 211 3648 um
228 3593 322 3649 veteri
340 3593 455 3661 populo.
491 3592 520 3662 3)
539 3594 564 3647 1.
600 3593 629 3662 4)
649 3593 674 3647 2.
774 3657 777 3662 .
873 3649 877 3660 ,
935 3651 939 3658 ,

234 3755 262 3824 *)
281 3755 319 3808 In
336 3769 425 3819 marg.
445 3754 507 3808 coll.
527 3753 594 3807 Ien:
622 3753 740 3806 Summa
757 3753 820 3806 loci.
