2575 4225
185 222 228 287 54
508 221 619 303 Caput
641 227 791 285 octavum

184 398 309 483 burnio
324 400 481 483 Ephraim
504 419 570 463 non
586 405 634 463 est
654 398 730 466 urent
746 396 860 479 ethuici,
883 398 941 468 sed
963 400 1034 463 vult
1055 415 1128 463 eaeo

184 492 274 566 liber,
299 510 365 553 non
381 489 450 553 vult
464 489 568 572 premi
583 508 657 552 mea
671 490 741 569 lege
756 495 815 553 etc.
832 494 891 553 etc.
921 487 977 553 sed
992 488 1127 569 quando

186 600 244 660 ego
268 578 410 641 abiectus
441 596 515 641 sum
544 584 577 641 et
604 598 671 641 non
703 579 824 641 habeor
852 598 911 660 pro
939 577 1016 654 dcc,
1047 583 1129 641 eunt

188 667 323 731 solitarii
346 674 378 730 et
400 666 546 748 relinquo
569 686 623 731 eos
648 668 718 731 sine
741 672 837 749 pastu
860 673 919 736 eto,

539 828 675 891 Munera
699 835 769 906 etc,
883 811 885 814 ⁵

188 932 224 996 id
247 940 295 1021 eet
318 935 488 1017 stipendia,
513 936 548 999 id
570 941 633 999 est:
659 936 723 1017 ipoi
745 954 798 998 mc
820 935 974 998 deserunt
995 941 1028 999 et
1050 933 1132 996 facti

188 1029 266 1086 sunt
288 1023 351 1087 sibi
373 1024 451 1105 ipsis
476 1024 531 1101 dii,
561 1023 791 1087 confoederant
812 1044 847 1087 ee
869 1044 944 1087 cum
966 1022 1130 1104 gentibus,

189 1111 519 1196 promptuprompt
548 1119 580 1177 et
609 1119 728 1195 putant
754 1132 788 1177 se
819 1119 958 1177 staturos
985 1119 1018 1175 et
1040 1132 1131 1174 man·

189 1221 280 1265 suros
296 1208 354 1266 etc.
379 1202 493 1266 volunt
515 1222 573 1265 aue
596 1203 734 1284 pecunia
754 1222 788 1265 se
803 1222 941 1265 armare:
961 1237 1003 1247 -—
1019 1200 1084 1263 Sed
1099 1203 1158 1263 et*

521 1382 595 1431 cum
618 1358 794 1426 mercede¹

191 1458 258 1537 bon
281 1469 387 1531 estin
409 1474 518 1545 textu,
549 1470 606 1532 sed
629 1470 691 1545 sic,
716 1468 807 1533 etin
829 1469 979 1549 gentibus
1003 1475 1062 1531 etc.
1087 1502 1133 1515 -—

191 1559 360 1620 Amatores
376 1558 615 1623 confoederatos
631 1559 773 1640 appellat
787 1578 862 1620 oum
877 1558 996 1638 quibua
1007 1557 1135 1621 idolum

194 1647 370 1710 coluerunt.
417 1648 511 1712 Nunc
530 1648 740 1728 congregabo,
763 1645 813 1712 aa
833 1648 871 1729 ste
884 1645 1136 1729 fuuapmfummen

193 1736 312 1818 burgen
335 1741 495 1816 quotquot
517 1736 711 1818 conspirant,
745 1736 863 1812 faciam
891 1735 936 1802 tiu
964 1733 1059 1814 iuben
1081 1736 1136 1803 ben

195 1823 262 1889 mitt
283 1825 434 1904 Assyrius
457 1824 575 1907 beibur:
599 1820 645 1871 -’-
907 1852 912 1868 ¹

508 1974 515 1985 ³
571 1986 752 2062 Quiescent.
800 1956 807 1967 l

195 2093 340 2156 Verbum
367 2093 421 2155 hic
448 2099 541 2157 sonat
569 2113 637 2156 esse
666 2094 702 2156 in
736 2094 884 2174 augustia
909 2098 1030 2175 partus.
1082 2090 1137 2154 Sic
1258 2135 1261 2138 -

196 2201 291 2262 saepe
313 2183 349 2243 in
372 2202 420 2261 po.
446 2183 615 2245 conturbat
637 2202 749 2245 cerras.
796 2184 879 2246 Item
894 2182 1012 2244 Paulus
1027 2182 1085 2244 Ro.
1103 2181 1136 2243 8.

196 2271 239 2331 Et
261 2269 463 2333 vexabuntur
491 2269 598 2333 adhuc
625 2271 791 2334 modicum
813 2293 833 2333 a
855 2291 953 2335 censu
982 2277 1014 2333 et
1043 2289 1138 2334 vexa-

196 2359 284 2422 tione
307 2357 515 2440 principum„
535 2359 656 2423 ecilicet
678 2360 785 2441 quoad
811 2361 935 2424 venerit
965 2380 1022 2422 rex
1040 2360 1137 2445 Assy-

198 2449 327 2512 riorum.
374 2447 410 2510 id
438 2455 501 2512 est:
526 2455 722 2530 prementur.
776 2451 865 2531 priua
898 2454 1041 2528 exugant
1078 2468 1138 2512 voe

198 2537 357 2612 censibus,
382 2535 505 2616 [nioben
520 2539 574 2603 tob
589 2536 709 2619 [bobert
733 2538 852 2619 hornud)
875 2546 908 2601 et
921 2539 1010 2620 ipsos¹
1025 2537 1140 2600 tollam

199 2632 257 2688 etc.
305 2623 358 2715 [tib
382 2625 438 2690 nob
460 2625 546 2692 [theu.
593 2628 639 2690 sic
662 2634 695 2691 et
716 2627 811 2691 nobie
834 2627 1008 2708 contingit:
1033 2661 1075 2672 -
1115 2639 1118 2645 ’

225 2777 328 2857 ²Quia
351 2775 577 2866 multiplicavit
600 2787 713 2852 altaria
736 2789 777 2851 ad
800 2788 1010 2869 peccandum,
1035 2791 1113 2850 eunt

428 2875 458 2936 ei
481 2875 593 2938 altaria
616 2876 659 2939 ad
681 2871 912 2959 peccandum.³

289 2979 340 3043 Sic
363 2978 441 3059 lege.
465 2981 522 3062 {ibe
537 2981 614 3064 metr
634 2981 675 3063 tq
689 2982 807 3068 prettqe,
830 2983 873 3065 ibe
888 2980 967 3063 metr
981 2981 1010 3062 tp
1026 2981 1142 3042 altaria

200 3066 371 3150 uuittitbteu,
395 3091 460 3132 non
484 3071 588 3135 solum
612 3073 707 3152 erigis
729 3073 842 3136 altaria
864 3069 1058 3155 peccatritia‚
1081 3069 1152 3132 aed*
1254 3144 1257 3153 Ι

201 3157 300 3222 etiam
321 3175 444 3238 peccas.
469 3166 501 3222 ct
523 3161 560 3224 fit
581 3163 628 3225 ita
652 3168 710 3226 etc.

545 3319 690 3384 Scribam
713 3317 793 3387 etc*

292 3441 325 3498 et
338 3438 401 3502 hoc
416 3441 588 3504 obscurum
604 3437 662 3494 est.
691 3434 750 3496 sic:
776 3432 811 3495 si
824 3418 937 3493 ¹scribo
960 3428 991 3490 ei
1013 3425 1146 3507 saepius

201 3516 307 3603 legem
337 3549 459 3616 meam,
488 3516 529 3580 id
563 3526 626 3592 eeu
661 3521 690 3584 ei
719 3521 761 3585 do
796 3528 953 3600 tanquam
987 3515 1148 3596 scriptum
1260 3588 1262 3597 Ι

294 3719 321 3785 1)
334 3737 360 3775 v.
376 3719 417 3776 10.
437 3704 866 3789 2)1ncrpur01.1ma.usoi.
884 3710 913 3778 a)
927 3708 1006 3769 an.
1025 3707 1054 3775 4)
1063 3724 1089 3761 v.
1101 3705 1146 3760 12.
1257 3711 1262 3716 ·
