2575 4225
217 292 284 356 426
518 292 622 375 Caput
645 290 854 357 undecimum

308 468 402 546 Quod
417 470 516 551 igitur
530 470 624 533 dicit:
649 469 871 533 Ambulabunt
885 474 960 551 post
974 468 1160 547 deminum,
1276 526 1278 535 A

217 559 306 623 idem
329 565 386 635 est,
411 579 448 622 ae
470 560 499 622 si
521 559 623 623 dieat:
651 559 814 623 Abiieient
835 558 987 623 fiduciam
1009 558 1162 621 omnium
1276 592 1278 619 t

218 668 353 729 operum
375 648 603 724 humanorum,
628 654 663 712 et
683 648 752 711 sola
773 647 827 712 dei
844 648 946 728 gratia
961 666 998 710 ae
1013 647 1161 711 bonitate

218 738 364 800 nitentur
396 743 428 800 et
462 736 572 801 fident.
618 737 703 800 Nam
737 737 795 817 qui
828 736 929 801 eredit
962 729 1068 799 filium
1106 736 1162 799 dei

218 827 342 889 iactum
364 824 530 889 victimam
552 846 611 907 pro
633 826 773 907 peccatis
796 826 878 904 suis,
910 826 964 887 hie
986 825 1076 888 nulle
1101 844 1161 888 suo
1276 848 1278 909 ς

218 934 312 995 opere
335 913 472 991 nitetur,
503 915 592 979 videt
614 915 702 977 enim
725 922 834 979 nostra
856 934 953 997 opera
975 934 1042 977 non
1064 933 1161 995 posse
1276 942 1278 1001 g

217 1002 350 1084 aequari
373 1004 469 1067 morti
492 1004 550 1067 filii
577 1003 640 1066 dei.
686 1004 800 1084 Itaque
829 1022 866 1065 ea
892 1023 958 1067 una
984 1020 1020 1065 se
1047 1003 1159 1083 eriget,
1275 1002 1278 1065 ὲ

217 1112 275 1173 per
301 1112 374 1155 earn
400 1112 502 1156 unam
530 1098 651 1157 statuet
678 1092 741 1156 sibi
774 1093 1015 1155 reconciliatum
1049 1091 1160 1168 deum,
1276 1086 1278 1131 ἕ

217 1181 424 1263 impetratam
439 1182 661 1245 remissionem
677 1187 881 1264 peccatorum
896 1188 929 1245 et
944 1181 1045 1245 vitam
1062 1186 1160 1243 aeter-
1276 1176 1278 1199 ³

217 1290 304 1332 nam.
351 1271 423 1334 Hoc
456 1291 529 1335 vere
563 1277 613 1333 est
645 1276 720 1353 post
753 1270 922 1333 dominum
957 1264 1156 1333 ambulare}

217 1359 265 1420 Ae
287 1359 433 1439 sequitur
454 1359 539 1422 hane
562 1360 661 1423 fidem
684 1360 830 1423 studium
852 1358 1055 1423 obedientiae
1084 1379 1162 1439 erga

217 1447 335 1525 legem,
363 1447 490 1511 liberati
513 1449 601 1511 enim
624 1469 644 1511 a
666 1448 821 1530 peccatis,
850 1449 986 1531 eupiunt
1007 1447 1160 1511 innoeen-

196 1604 198 1609 ,
218 1534 297 1596 tiam
319 1536 405 1599 hane
426 1536 577 1613 retinere,
607 1538 669 1600 etsi
691 1538 789 1618 igitur
810 1538 963 1601 labuntur
985 1557 1043 1617 per
1073 1536 1160 1599 infir·

215 1623 382 1701 mitatem,
406 1630 516 1689 tamen
538 1645 573 1689 se
595 1625 713 1689 iterum
737 1626 864 1707 erigunt
885 1626 947 1691 hae
969 1625 1102 1701 fiducia,
1128 1631 1161 1689 et

216 1718 330 1794 postea
351 1713 521 1779 ambulant
539 1715 674 1779 cautius.

301 1897 385 1956 reut
410 1892 473 1956 leo
504 1893 658 1973 rugiet,
694 1897 733 1955 et
762 1910 849 1955 eum
883 1891 971 1973 ipse
1005 1894 1158 1973 rugiet,

316 1982 524 2063 pavebunt
546 1982 636 2045 filii
652 1982 697 2045 ab
713 1979 933 2058 occidente,
957 1983 1176 2064 pavebunt

260 2071 330 2150 qui
352 2070 392 2134 in
413 2072 598 2154 Aegypto
621 2075 718 2135 sunt
741 2070 848 2134 sieut
879 2084 986 2148 aves,
1019 2077 1057 2134 et
1088 2072 1160 2153 qui

259 2159 306 2221 de
329 2165 435 2222 terra
456 2163 581 2225 Assur
603 2168 708 2237 sunt,
732 2161 835 2223 sieut
850 2160 1042 2224 columba.
1080 2162 1159 2241 Ego

260 2252 395 2310 autem
417 2249 605 2312 habitare
629 2269 695 2328 ees
721 2249 871 2312 faeiem
900 2249 940 2312 in
970 2249 1157 2314 domibus

262 2337 365 2414 suis,
390 2336 496 2402 dicit
518 2337 711 2402 dominus.

217 2508 365 2623 2Leonis
399 2517 524 2598 rugitus
557 2516 734 2582 celebratur
767 2516 851 2580 inter
882 2536 995 2581 omnes
1024 2519 1154 2594 bestias,

297 2604 441 2682 quodet
462 2607 604 2668 maxime
627 2606 670 2668 sit
693 2625 835 2681 sonorus,
859 2612 892 2669 et
906 2607 1096 2670 naturaliter
1109 2608 1155 2669 in-

215 2691 317 2753 cutiat
338 2712 491 2772 paverem
513 2693 648 2755 homini.
694 2694 742 2755 Ae
764 2694 871 2774 rugitu
902 2694 968 2757 fere
997 2701 1069 2759 tum
1098 2697 1156 2759 uti·
1272 2697 1275 2776 J

214 2785 277 2854 tur,
301 2798 376 2842 eum
391 2779 545 2862 praedam
560 2779 697 2863 adeptus
713 2786 771 2859 est,
795 2783 879 2846 sieut
892 2785 993 2847 Amos
1009 2784 1090 2846 dieit
1103 2778 1173 2845 3.³1
1271 2777 1274 2796 ”

213 2864 370 2948 Nunquid
397 2868 501 2950 rugiet
530 2869 581 2932 leo
608 2870 646 2932 in
680 2869 759 2933 silva
793 2872 923 2951 quando
957 2893 1024 2936 non
1057 2873 1157 2958 habet

213 2960 342 3020 eseam?
364 2959 520 3039 Nunquid
544 2958 635 3022 dabit
658 2960 781 3022 catulus
804 2961 906 3024 leonis
923 2981 1036 3025 vocem
1052 2982 1155 3040 suem,

211 3043 254 3107 de
276 3046 411 3111 latibulo
435 3068 503 3125 suo,
528 3049 659 3129 quando
682 3049 765 3111 nihil
788 3050 895 3130 cepit?

305 3129 535 3219 ‘Comparatur
563 3137 662 3218 igitur
689 3137 885 3218 praedicatio
914 3140 1073 3219 evangelii
1107 3161 1154 3203 ru·

212 3222 295 3302 gitui
317 3225 428 3302 leonis,
453 3227 540 3306 quod
563 3227 686 3308 passim
709 3225 880 3291 exauditur
902 3247 960 3315 per
982 3233 1090 3292 totum
1109 3249 1154 3292 er·
1271 3249 1272 3256 ¹

212 3312 287 3374 bem
311 3319 476 3391 terrarum,
501 3321 533 3378 et
552 3320 601 3378 est
615 3314 775 3378 eiusmodi
791 3315 945 3393 doctrina,
971 3337 1037 3398 qua
1052 3317 1156 3380 animi
1269 3377 1271 3392 f

303 3522 329 3591 1)
356 3523 425 3578 Post
452 3522 602 3580 dominum
628 3525 801 3580 ambulare·
846 3525 873 3594 2)
900 3526 1023 3593 Rugitus
1051 3526 1135 3582 leonis

209 3589 241 3657 3)
260 3593 349 3647 Amos
367 3593 393 3647 3.
409 3629 413 3633 .
429 3593 458 3662 4)
476 3596 599 3662 RugItus
617 3595 750 3652 leonis‘·

302 3771 327 3838 ⁸)
347 3771 434 3826 Deest
452 3772 485 3826 in
502 3772 564 3827 coll.
583 3774 643 3827 Ien.
682 3774 722 3840 ⁴⁸)
742 3775 830 3830 Deest
849 3775 881 3828 in
902 3775 964 3830 coll.
984 3775 1044 3828 Ien.
