2575 4225
442 300 541 363 Ozeae
564 301 749 382 prophetae.
1027 298 1067 365 17

127 485 166 543 ut
186 477 282 543 vallio
308 478 416 540 Acbor
443 476 577 554 dicatu,
609 476 741 557 quando
770 434 886 558 aliquis
913 477 1070 560 premitur

15 552 23 569 '⁸
129 566 241 643 malie,
291 564 567 646 quemadmodum
605 586 664 630 nos
701 566 818 631 vallem
862 566 969 630 luctus
1002 566 1069 633 aive

129 657 371 737 lachrymarum
393 654 541 718 dieimua
589 655 658 735 ligo
681 654 801 737 inquit,
836 655 952 737 loquar
978 656 1009 719 ei
1038 662 1071 719 et
1170 720 1174 728 ,

129 745 295 808 miseriam
317 749 440 809 vertam
462 744 498 807 in
519 743 641 807 bonam
664 763 765 826 apem.
920 761 927 783 ¹

553 904 651 985 Spem

130 1017 242 1074 autem
265 1012 376 1093 potius,
396 1010 653 1093 expectationem
674 1011 788 1091 legeris
803 1010 854 1075 vel
868 1011 1070 1093 patientiam.
1164 1014 1168 1022 '

131 1099 270 1163 Videtur
308 1119 382 1163 vero
418 1101 499 1163 haec
536 1099 644 1181 potine
683 1100 851 1164 sententia.
913 1099 1003 1163 Dabo
1041 1101 1073 1163 ei

131 1190 250 1251 vallem
278 1187 400 1266 thor‚
429 1188 550 1253 idest:
581 1207 709 1251 erucem
737 1194 769 1251 et
798 1189 958 1251 malorum
987 1209 1071 1251 exer·

131 1278 319 1341 citationem
341 1284 379 1341 ut
399 1276 476 1340 inde
491 1276 649 1359 patientia
663 1277 745 1356 mibi
760 1284 967 1359 praeparetur
980 1295 1070 1341 uxor.

132 1366 248 1429 Melior
271 1366 332 1429 erit
354 1366 384 1429 ei
405 1365 498 1430 vallis
521 1365 627 1430 Aehor
650 1385 750 1446 quam
772 1364 903 1431 divitiae
925 1365 1012 1429 Baal.

518 1526 562 1589 Et
585 1532 687 1589 canet.

224 1610 316 1695 Hae⁰o
338 1638 387 1695 eat
408 1632 479 1695 lana
502 1631 555 1695 dei
577 1630 612 1695 in
640 1653 724 1697 novo
752 1636 956 1709 testamento,
986 1633 1074 1713 quod

135 1740 249 1785 sumus
272 1720 398 1785 liberati
421 1741 441 1783 a
462 1726 564 1784 morte
587 1728 620 1783 et
642 1721 794 1784 omnibus
815 1720 984 1809 erroribus·

527 1880 570 1944 Et
592 1874 680 1944 erit¹

149 1958 152 1963 ⁵
226 1989 274 2051 De
297 2006 381 2051 novo
403 1991 596 2050 testamento
619 1992 653 2050 et
674 1987 910 2069 praedieatione
943 2007 1074 2068 evange·

7 2155 8 2170 ἶ
136 2079 208 2142 lioa.
236 2076 335 2141 'Non
361 2074 542 2156 intelligent
563 2076 643 2140 haee
665 2076 724 2158 qui
746 2076 895 2140 nesciunt
915 2075 996 2158 quid
1033 2077 1076 2140 ait

137 2167 349 2247 evangelium.

503 2289 543 2352 In
565 2288 619 2352 die
641 2288 705 2366 illo,

138 2398 261 2462 scilieet
291 2416 366 2459 oum
394 2395 552 2461 laetavero
586 2415 659 2458 eam
691 2400 724 2458 et
752 2393 874 2459 duxero
907 2396 942 2459 in
970 2395 1076 2460 solitu·

7 2472 21 2506 ξ’
139 2487 267 2562 dinem,
303 2505 377 2548 oum
407 2490 572 2550 mutavero
598 2503 734 2564 regnum
760 2484 886 2546 carnale
919 2484 955 2546 in
989 2484 1077 2566 spiri·

7 2629 9 2634 .
139 2575 226 2639 tuale
250 2580 309 2638 eto.

7 2697 9 2712 '
507 2728 509 2733 ·
557 2695 657 2773 Baali‚

7 2769 8 2780 ³
139 2805 176 2868 id
199 2810 271 2868 eat:
289 2803 434 2867 'coniunx
455 2822 546 2880 mea,
581 2803 681 2865 istum
703 2802 827 2866 cultum
861 2807 894 2866 et
926 2800 1079 2866 fiduciam

7 2893 8 2922 l
141 2893 297 2970 auferam,
329 2911 394 2973 qua
416 2891 551 2955 confidit
577 2898 709 2973 propter
736 2911 833 2975 opera
861 2909 915 2954 me
937 2910 1080 2955 seorsum

142 2983 171 3045 si
194 3001 263 3045 ease
278 2981 433 3046 maritum
456 2986 515 3043 eto.
562 2980 701 3042 Omnem
715 2980 868 3044 fiduciam
887 2979 1027 3042 alienam
1050 2985 1082 3042 et

141 3070 328 3153 opinionem
351 3089 534 3151 perversam
556 3069 701 3131 auferam
723 3075 756 3132 et
769 3068 915 3132 revelabo
929 3087 983 3130 me
997 3086 1080 3133 vere.

12 3241 17 3249 Ι
141 3159 281 3222 Adverte
303 3158 358 3222 bie
381 3157 468 3238 quod
491 3158 596 3221 oultua
619 3164 771 3220 externus
793 3176 860 3220 non
882 3156 946 3221 fuit
961 3157 1081 3220 exhibi-

142 3247 322 3328 maligno,
349 3245 453 3329 lapidi
480 3253 539 3311 ete.
571 3245 628 3310 aed
657 3245 727 3308 deo.
773 3247 892 3330 Aperte
919 3244 1007 3309 enim
1028 3246 1083 3309 hio

7 3329 9 3386 ἓ
79 3325 82 3332 ’
141 3335 222 3401 dicit
244 3336 324 3400 dens
347 3355 387 3431 oe⁶
403 3341 552 3399 vocatum
575 3335 616 3398 ab
640 3334 687 3398 eis
709 3335 801 3398 Baal:
825 3367 869 3380 -

465 3494 544 3557 Baal
566 3500 599 3558 et
620 3495 755 3559 Baalim.

232 3600 415 3686 promiscue
448 3600 500 3664 uei
534 3607 611 3665 aunt
639 3601 710 3665 istis
739 3598 926 3665 nominibus
948 3599 1083 3664 maritus

235 3777 251 3828 1
302 3817 308 3830 .
328 3776 371 3830 16.

183 3776 274 3915 Lrthai'i
281 3792 336 3924 Vopp.
350 3877 434 3926 eroget.
461 3874 509 3928 Vol.
523 3873 601 3916 mv.
905 3862 923 3917 2
