2575 4225
437 282 536 345 Ozeae
559 281 745 365 prophetae.
1019 282 1059 346 13

530 460 648 523 Ubera.

212 570 289 630 sunt
311 565 405 647 impii
427 565 585 643 doctores,
616 565 674 646 qui
697 566 792 645 quasi
813 569 940 629 mortua
961 565 1061 629 ubera

120 661 260 737 pascunt
290 656 462 737 populum,
492 654 549 719 sed
573 661 650 719 sunt
671 654 791 736 impiae
813 654 941 731 matris,
977 672 1060 734 quae

121 743 272 827 concepit
293 764 335 807 ex
358 742 525 808 adulterio.

382 866 385 871 ’
500 862 681 951 Spoliabo.¹

212 974 358 1037 auferam
373 974 596 1050 sacerdotium,
621 995 766 1055 regnum,
782 975 888 1054 legem
903 980 936 1037 et
950 974 1060 1037 omnia

121 1068 258 1127 terrena.
304 1064 394 1126 Haec
417 1065 502 1126 facta
525 1070 602 1126 sunt
624 1069 662 1127 ut
683 1062 840 1127 videmus.

469 1203 703 1293 „Nativitatem

123 1312 255 1393 quando
283 1331 387 1393 neque
410 1310 552 1405 habebat
573 1331 724 1392 regnum,
755 1310 970 1376 sacerdotium
998 1317 1057 1375 cte

446 1452 519 1515 In
509 1452 635 1517 mvium
658 1458 736 1516 etc:

8 1557 11 1608 f
122 1559 179 1622 ubi
193 1560 303 1623 nuilus
327 1560 370 1624 sit
388 1559 507 1636 doctor,
530 1546 698 1643 propheta,
722 1560 857 1623 verbum
872 1558 934 1622 dei.
980 1560 1057 1621 Esa:

6 1648 7 1673 ³
123 1648 286 1712 Mandabo
301 1648 443 1712 nubibus
460 1656 518 1713 etc.
566 1648 673 1712 Christ
659 1654 726 1712 trus
750 1650 912 1712 auferetur
932 1629 1059 1712 avobis

122 1757 259 1819 regnum
282 1744 359 1802 etc..
383 1772 426 1783 -—

559 1862 629 1925 Siti.

210 1967 343 2031 Ioannis
374 1966 405 2031 7.
436 1969 578 2040 ¹Omnia
615 1975 691 2031 sunt
733 1968 975 2044 comminatio„
997 1967 1063 2030 nisi

6 2060 19 2092 ⁴
125 2062 331 2121 revertantur.
1111 2067 1115 2071 <

509 2176 665 2246 Vadam.¹

6 2341 10 2374 ;·
210 2289 303 2352 Haec
330 2309 396 2352 non
422 2288 651 2369 intelligrmttu
680 2289 721 2351 de
751 2288 961 2355 fornicatione
989 2295 1063 2371 post

6 2379 21 2475 ξ
126 2375 244 2440 Christi
272 2376 459 2443 adventum
509 2378 647 2460 Copiosa
676 2383 726 2442 est
751 2378 865 2457 lingua
891 2377 1061 2455 Hebraico,

6 2491 16 2560 1.
125 2485 189 2530 uno
211 2465 314 2531 verbo
337 2466 532 2554 quandoque
562 2466 656 2543 dicit,
691 2485 778 2546 quac
809 2466 922 2530 multis
956 2429 1063 2531 verbid

17 2567 20 2575 ·
126 2575 183 2617 nos
213 2555 281 2618 vix
297 2555 456 2636 explicare
479 2549 652 2658 possumus
675 2560 708 2618 et
735 2554 929 2635 quandoque
952 2555 1063 2618 multis

17 2649 24 2714 j
125 2642 229 2706 verbis
251 2662 334 2724 quae
357 2643 484 2708 duobus
508 2643 647 2732 exprimi
669 2643 853 2726 potuissent
871 2649 910 2709 ut
930 2643 994 2707 hic.

445 2767 509 2842 Qui
531 2768 611 2832 dant
633 2787 742 2849 aquas.
836 2796 840 2805 f

172 2949 177 2953 ⁵
214 2874 378 2956 Scriptum
406 2879 498 2937 taxat
520 2875 638 2957 impios
662 2875 821 2951 doctores,
849 2875 970 2938 ventris
1000 2875 1062 2939 cul·

126 2969 218 3039 tores,
243 2963 301 3042 qui
323 2961 426 3046 impia
445 2963 562 3028 docent
585 2983 668 3044 quae
687 2962 776 3027 lucro
792 2969 878 3026 sunt.
923 2964 995 3026 Hoc
1009 2965 1064 3042 1111

6 3049 17 3076 ’“
127 3050 214 3115 dicit.
261 3051 410 3133 Papistae
440 3052 667 3130 abundabant,
699 3051 873 3132 evangelici
903 3051 1066 3133 praedica·

126 3145 210 3202 tores
232 3139 329 3220 hodie
350 3146 453 3220 egent,
478 3162 545 3204 non
566 3146 673 3223 potest
696 3142 742 3204 eie
756 3160 838 3217 uxor
852 3141 977 3219 nutriri,
1000 3142 1064 3206 illie

6 3243 8 3298 ἰ
126 3235 174 3291 tot
206 3229 388 3292 meretrices
423 3230 610 3294 nutriebant
596 3235 658 3292 tur
703 3230 768 3293 'Ita
795 3229 873 3292 olim
908 3237 1000 3294 erant
1029 3232 1065 3294 in

6 3311 8 3396 ξ
126 3315 268 3394 iudaeis,
299 3318 345 3380 sic
367 3317 463 3400 impii
485 3320 571 3382 oiim.
619 3317 705 3392 Quid
732 3318 816 3395 mihi
844 3338 919 3381 oum
940 3321 1025 3400 lege
1032 3327 1066 3383 et

162 3406 204 3476 11
228 3406 388 3484 doctrinm
420 3407 484 3469 alia
512 3408 591 3470 dent
613 3407 708 3470 nobis
729 3426 830 3490 panes
852 3413 912 3488 etc.
959 3408 1011 3470 Sic
1033 3415 1077 3472 11·

174 3497 262 3575 tgus
278 3501 310 3558 ct
339 3496 500 3578 principes
532 3496 646 3560 dicunt
675 3495 875 3558 Hieremiae:
911 3495 1064 3561 Libcmus

162 3585 255 3664 ginae
271 3583 351 3646 coeli
366 3590 424 3647 etc.
453 3585 537 3648 Vide
558 3585 614 3648 et
605 3606 640 3648 m
655 3569 790 3695 historia
804 3583 1063 3699 Machabeorum

158 3696 340 3718 --αι---ι-Ι

215 3760 246 3827 1)
262 3777 289 3814 v.
300 3758 339 3814 ,a
368 3758 398 3825 a)
417 3727 448 3816 a.
464 3757 488 3813 s.
