2575 4225
435 249 561 313 Hcseae
583 251 769 332 prophetae.
1012 250 1074 317 197

131 426 322 508 magnitudo
345 432 409 503 est,
438 435 471 492 et
493 427 581 509 quod
603 428 683 492 deus
706 428 864 493 minatur:
901 429 991 493 Sicut
1013 430 1076 511 ipsi

130 536 197 580 non
220 517 334 581 volunt
356 536 425 579 esse
455 519 594 599 populus
617 538 726 594 meus,
763 517 809 581 ita
832 538 891 598 ego
915 539 980 583 non
1003 521 1075 583 volo

61 652 67 662 .
131 617 199 669 esse
223 604 305 668 deus
325 604 480 686 ipsorum.
527 606 590 680 Qui
613 607 701 669 enim
733 606 832 670 deum
855 628 922 670 non
944 608 1075 685 habent,

131 693 226 774 quid,
258 713 391 773 quaeso,
427 695 565 770 habent,
600 696 728 759 etiamsi
770 702 875 759 totum
914 697 1077 759 mundum

131 782 341 864 possideant?
398 783 461 845 Sed
500 789 609 848 tantae
647 785 712 847 irae
747 805 830 864 quae
874 805 971 849 causa
1005 788 1077 849 est?

130 872 292 953 Pmpheta
314 871 400 933 infra
414 891 486 936 eam
502 874 630 954 copiose
645 873 802 951 ostendet,
827 881 860 938 et
875 874 1019 938 Christus
1043 876 1077 937 in

131 960 298 1041 evangelio
321 961 404 1023 clare
425 960 513 1037 dicit,
537 962 610 1024 ideo
633 963 824 1026 vastandam
846 959 1072 1043 synagogam,¹

132 1050 210 1130 quia
233 1055 364 1130 tempus
378 1049 571 1114 visitationis
595 1071 672 1113 suae
695 1071 761 1115 non
777 1053 917 1130 agnorit,
941 1052 1002 1115 hoc
1018 1057 1077 1127 est,

132 1139 210 1217 quia
237 1138 374 1217 gratiam
402 1138 455 1201 dei
477 1139 512 1200 in
540 1139 705 1219 evang'elio
730 1140 872 1202 oblatam
894 1160 952 1221 per
975 1140 1078 1203 filium

132 1227 185 1289 dei
219 1227 324 1290 noluit
360 1228 526 1308 amplecti,
567 1230 623 1291 sed
656 1228 790 1291 retinuit
819 1228 932 1292 Mosen
972 1236 1079 1311 spreto

134 1316 279 1392 Christo,
303 1316 438 1379 retinuit
458 1316 563 1395 legem
591 1318 715 1381 abiecto
739 1319 917 1397 evangelio,
947 1318 1081 1382 retinuit

132 1424 230 1485 opera
264 1423 324 1467 sua
358 1405 481 1467 abiecta
521 1407 623 1485 gratia
657 1406 722 1483 dei,
763 1427 860 1487 quarn
901 1407 985 1469 filius
1027 1407 1079 1469 dei

133 1513 191 1556 sua
213 1499 318 1556 morte
339 1494 510 1573 acquisivit
531 1496 635 1559 nobis.

222 1582 288 1645 Hic
310 1581 409 1662 igitur
431 1584 548 1647 iterum
571 1586 799 1663 admonemur,
829 1593 987 1666 quantum
1010 1605 1080 1668 pec·

135 1677 244 1735 catum
259 1671 303 1734 sit
325 1692 391 1735 non
416 1672 567 1753 amplecti
581 1676 794 1755 evangelium,
818 1677 853 1738 in
873 1678 935 1738 hcc
950 1682 1081 1755 peccato

136 1761 163 1823 si
189 1760 354 1842 principes
382 1767 415 1823 et
443 1762 586 1844 episcopi
609 1765 800 1827 Germaniae
828 1770 978 1845 pergent,
1008 1765 1081 1843 quis

135 1869 201 1913 non
239 1849 356 1926 videt,
380 1869 445 1929 quo
479 1851 546 1915 fato
579 1853 712 1915 tandem
741 1852 947 1915 Germaniam
979 1852 1081 1932 perire

136 1958 265 2001 necesse
290 1939 353 2001 sit?

586 2121 628 2183 Π.

136 2257 258 2370 Hanc
281 2261 472 2344 particulam
494 2263 663 2344 coniungit
684 2259 978 2346 vetusstranslatic,
1009 2285 1083 2326 cum

210 2352 444 2433 superioribus,
473 2352 529 2415 sed
553 2353 630 2432 quia
658 2373 776 2416 novam
804 2353 992 2416 concionem
1015 2373 1082 2432 pro-

138 2442 237 2523 pheta
263 2441 318 2504 hic
341 2440 464 2504 orditur
491 2441 530 2503 de
554 2460 636 2504 novo
660 2442 780 2523 populo
808 2448 840 2526 et
862 2461 945 2503 novo
975 2460 1082 2519 regnu,

138 2530 212 2594 ideo
235 2549 296 2592 nos
318 2530 373 2592 hic
399 2550 521 2594 novum
543 2529 706 2593 ordiemur
729 2537 834 2610 eaput.
881 2529 952 2593 Etsi
975 2535 1083 2592 autern

138 2618 219 2682 haec
243 2619 351 2682 subita
372 2620 415 2681 ab
430 2619 579 2682 instituto
595 2625 784 2700 argumento
808 2618 959 2681 discessio
975 2618 1084 2682 minus

140 2708 312 2772 convenire
334 2708 469 2784 videtur,
501 2716 534 2771 et
555 2709 784 2772 obscuritatem
808 2725 936 2788 quoque
958 2708 994 2770 in
1017 2729 1084 2790 pro·

24 2806 29 2817 '
140 2797 260 2880 phetis⁴
272 2797 365 2878 parit,
388 2804 512 2873 tamen,
538 2798 565 2860 si
589 2798 812 2879 propinarem
836 2797 1083 2871 consideremus,

140 2885 209 2967 ipse
224 2905 334 2948 rerum
349 2886 427 2948 ordo
442 2886 484 2947 ad
505 2886 565 2949 has
580 2887 784 2950 transitiones
801 2887 885 2966 cogit
900 2886 1082 2967 prophetas.

24 3047 25 3067 Χ
229 2975 270 3036 Ι11
301 2974 406 3055 prima
436 2974 589 3039 concione
617 2975 759 3038 ostendit
785 2975 908 3050 Hcsea,
938 2974 1025 3053 quod
1054 2981 1086 3037 et
1177 2995 1180 3002 ’

24 3072 25 3137 j
141 3083 278 3144 regnum
301 3064 401 3126 lsrael
422 3064 457 3126 in
481 3071 591 3144 gentes
615 3065 657 3126 ob
678 3063 861 3126 idolatriam
884 3069 968 3126 esset
990 3063 1084 3126 disse·

24 3148 25 3171 ³
141 3152 347 3228 minandum,
372 3159 405 3216 et
426 3173 562 3233 regnum
579 3151 662 3215 Iuda
684 3153 725 3214 ob
749 3157 970 3232 contemptum
995 3173 1085 3216 evan-

143 3242 216 3322 gelii
256 3261 276 3303 a
309 3242 464 3304 Romanis
502 3233 726 3306 vastandum.²
779 3241 843 3302 Hic
883 3240 955 3322 ipsa
990 3241 1086 3302 series

232 3452 260 3519 1)
280 3449 339 3516 Cur
357 3467 501 3521 synagoga
518 3451 664 3506 ablactat*
699 3451 726 3519 2)
747 3451 848 3520 Causa,
868 3449 1087 3518 curprcphetae

160 3539 202 3576 am
222 3523 346 3590 abrupte
365 3524 401 3577 de
419 3539 507 3590 regno
527 3521 637 3576 Christi
656 3523 783 3577 doceant.

234 3736 260 3802 ⁸)
279 3737 369 3790 Deest
386 3738 418 3789 111
437 3738 499 3790 0011.
519 3739 631 3791 lenens.
