2575 4225
450 279 574 339 :149ss
1095 273 1306 355 Caput
1349 271 1676 335 decimum

450 455 550 515 idm
562 455 573 515 1
582 459 751 515 atrae
795 468 940 513 vere
984 450 1230 513 habent
1272 450 1556 514 divisum
1601 468 1734 525 cor,
1793 438 1962 509 dum'
1999 468 2136 512 non
2193 449 2332 512 solo

450 547 638 603 vavi-lm
684 539 997 615 nituntur,
1048 539 1161 601 sed
1206 539 1548 619 indulgent
1591 538 1724 600 suis
1763 536 2015 599 studiis.
2094 538 2331 601 Hacte-

450 655 570 691 nus
626 633 963 711 peccatum
1012 627 1211 691 Israel
1279 627 1804 690 commemoravit
1817 675 1831 702 ,
1905 646 2085 690 nunc
2146 626 2336 689 addit

450 738 706 799 ῙιυυΠὶιΒ.

642 879 788 924 vnc
833 848 1153 940 peccati
1198 856 1824 933 convincentur,
1886 856 2053 936 ipse
2113 856 2332 918 enim

672 948 1139 1028 confringet
1182 947 1478 1009 altaria
1522 965 1818 1021 eorum,
1884 950 1965 1007 et
2011 950 2335 1007 statuas

542 1057 814 1101 surum
859 1036 1241 1100 vastabit.

506 1183 773 1243 nef-:bum
820 1178 1233 1255 ,Ieeschamu‘
1292 1177 1417 1239 hoc
1469 1176 1608 1239 loco
1665 1174 1934 1255 quidam
1990 1180 2338 1257 exponunt

586 1267 1060 1343 desolabuntur,
1111 1266 1223 1328 sed
1269 1266 1586 1345 significat
1617 1265 2007 1344 delinquere.
2078 1265 2178 1327 Ac
2208 1264 2334 1326 sin·

454 1363 742 1431 Quint-em
783 1357 908 1418 hoc
952 1355 1024 1418 in
1066 1354 1208 1418 loco
1252 1354 1596 1435 emphasin
1638 1354 1863 1430 habet,
1922 1371 2125 1432 quam
2170 1353 2335 1434 peri·

466 1451 521 1527 p}
538 1445 679 1507 masi
733 1443 1151 1507 ostendimus.
1254 1439 1349 1504 1Ν
1349 1463 1455 1504 am
1515 1442 1932 1506 idolatrarum
1998 1442 2126 1504 hoc
2193 1462 2336 1523 pro·

454 1535 668 1615 primu
728 1537 853 1609 est,
918 1531 1093 1610 quod
1149 1551 1281 1592 non
1339 1532 1549 1594 solum
1604 1536 1900 1593 statuunt
1953 1550 2020 1593 se
2079 1530 2338 1612 placere

454 1623 590 1691 {les-2,
642 1620 753 1683 sed
800 1620 994 1683 etiam
1039 1620 1357 1682 damnant
1401 1640 1527 1697 eos,
1573 1621 1690 1700 qui
1737 1619 2058 1683 diversam
2103 1618 2338 1682 doctri·

458 1731 606 1771 nam
654 1717 718 1774 et
761 1710 970 1773 cultus
1017 1710 1173 1772 alios
1219 1715 1594 1789 sequuntur.
1689 1708 1854 1770 Cum
1898 1708 2098 1788 igitur
2137 1708 2339 1770 Israe-

457 1803 606 1863 litm}
654 1799 886 1862 adduci
931 1819 1064 1861 non
1109 1803 1390 1879 possent,
1439 1803 1514 1860 ut
1559 1797 1888 1860 crederent
1922 1816 2074 1860 suos
2111 1797 2340 1887 xcultus

458 1891 574 1951 alon
622 1888 972 1970 displicere,
1021 1887 1135 1950 sed
1181 1906 1307 1963 eos,
1358 1888 1524 1950 sicut
1555 1887 1846 1968 papistae
1875 1886 2070 1948 hodie
2102 1885 2338 1962 solent,

458 1983 622 2039 ssa-ro
668 1984 733 2040 et
776 1977 915 2057 igni
958 1975 1408 2052 defenderent,
1472 1976 1757 2038 minatur
1800 1976 2118 2055 propheta
2163 1975 2338 2038 futu·

458 2087 630 2140 rum,
691 2071 768 2129 ut
811 2066 1037 2146 poenis
1091 2066 1579 2140 convincantur,
1639 2064 1848 2128 cultus
1909 2064 2054 2126 illos
2111 2084 2154 2125 a
2211 2062 2339 2127 deo

458 2155 820 2232 improbari,
870 2156 1113 2235 alioqui
1157 2175 1290 2216 non
1335 2155 1798 2235 permissurum
1845 2153 2071 2216 altaria
2116 2159 2183 2216 et
2213 2158 2339 2216 sta·

458 2252 598 2304 tuas
668 2243 809 2305 illas
879 2243 961 2305 ab
1028 2244 1308 2322 Assyriis
1377 2244 1642 2318 vastari,
1715 2243 1772 2306 si
1840 2261 1946 2304 eas
2007 2243 2335 2322 probaret.

458 2331 723 2394 Perinde
770 2334 844 2394 ac
889 2331 946 2394 si
990 2331 1184 2408 dicas,
1242 2333 1537 2394 convinci
1581 2351 1756 2393 nunc
1799 2331 2105 2393 miseram
2148 2332 2338 2392 Hun-

458 2424 731 2500 gariam,
795 2420 970 2501 quod
1026 2421 1184 2483 deus
1240 2420 1722 2501 septennalibus
1775 2420 1940 2483 votis
1999 2419 2082 2481 ad
2129 2440 2338 2499 aquas

458 2532 582 2572 nun
634 2511 719 2573 sit
762 2509 1113 2573 delectatus
1129 2559 1143 2586 ,
1209 2508 1532 2589 siquidem
1578 2529 1618 2571 a
1662 2510 1870 2571 Turca
1913 2508 2168 2589 direpta
2213 2513 2334 2570 est.

546 2648 951 2760 Qvoniam
1025 2655 1185 2712 tum
1261 2649 1559 2713 dicent:
1649 2650 1823 2712 Non
1899 2655 2022 2712 est
2095 2649 2338 2713 nobis

663 2755 828 2811 rex,
878 2736 1086 2815 quod
1131 2757 1281 2799 non
1327 2738 1729 2801 timuimus
1771 2737 2206 2815 dominum,
2257 2745 2342 2802 et

546 2824 614 2884 si
658 2844 795 2886 rex
841 2831 1080 2902 esset,
1129 2825 1325 2905 quid
1369 2827 1603 2890 nobis
1650 2827 2122 2909 prodesset?

538 2948 787 3012 nol-‘ecto
846 2949 969 3012 hoc
1024 2968 1159 3011 non
1218 2949 1437 3012 dicent
1490 2951 1798 3014 idolatrae
1815 3001 1828 3027 ‚
1894 2950 2137 3030 alioqui
2191 2971 2337 3030 age·

574 3043 713 3100 rent
758 3039 1224 3121 poenitentiam
1243 3087 1256 3114 ,
1317 3044 1381 3101 et
1427 3039 1594 3102 sicut
1637 3040 1952 3103 hactenus
1997 3059 2066 3103 se
2128 3039 2334 3101 domi-

450 3148 606 3188 num
658 3147 786 3189 non
830 3128 1123 3190 timuisse
1166 3128 1566 3208 profitentur,
1613 3128 1974 3210 inciperent
2017 3147 2193 3190 nunc
2257 3128 2334 3190 ti-

454 3236 622 3276 mere
684 3213 1022 3278 dominum
1042 3265 1055 3292 ,
1129 3220 1195 3278 et
1250 3216 1605 3296 cogitarent
1659 3217 1739 3279 de
1802 3218 1966 3281 seria
2033 3217 2334 3279 emenda·
2387 3229 2403 3237 “

454 3304 642 3364 tinne.
736 3303 863 3366 Sed
910 3304 1068 3384 quid
1115 3305 1400 3385 cogitent
1453 3310 1518 3367 et
1577 3306 1820 3369 faciant
1838 3356 1852 3383 ,
1915 3306 2138 3369 statim
2191 3325 2334 3387 pro·

450 3396 650 3472 phet-a
700 3412 818 3455 nos
874 3392 1147 3456 docebit.
1242 3393 1420 3467 Quae
1486 3393 1685 3473 igitur
1753 3396 1873 3458 erit
1938 3394 2137 3458 huius
2202 3394 2323 3456 loc'

454 3481 814 3544 sant-entia?
886 3482 1055 3543 Nam
1096 3482 1295 3546 verba
1338 3483 1688 3564 prophetae
1735 3483 1904 3547 clara
1947 3490 2126 3560 sunt,
2187 3488 2296 3545 tun

454 3568 693 3632 dicent:
742 3569 889 3632 Non
929 3570 1121 3634 'nobis
1166 3591 1282 3633 rex
1328 3577 1444 3634 etc.

630 3742 681 3810 1)
718 3743 1017 3800 Idolatrae.

2548 1848 2556 2033 -nna—-m
