2575 4225
546 290 652 372 Caput
674 291 826 378 quintum

402 539 404 543 ,
483 466 628 547 Claugite
653 466 791 531 buccina
812 461 891 531 etc.l
1015 458 1028 469 ’

307 575 460 639 obscurus
475 574 633 656 propheta
648 580 706 636 est.
753 573 804 635 Ex
826 574 891 637 situ
914 580 1015 639 terrae
1030 583 1160 640 sanctae

218 664 318 728 nostis
342 663 429 745 quod
444 662 616 726 Beniamin
631 661 741 725 media
755 668 805 725 est
819 662 903 726 inter
918 663 1020 726 tribus
1036 665 1159 727 Israhel

218 762 250 817 et
272 753 363 816 Iuda,
409 752 497 815 Inter
519 751 615 814 urbes
637 750 810 813 Beniamin
844 751 1055 815 numerantur
1077 754 1158 816 istae

218 843 300 905 duae
338 842 433 905 urbes
472 842 575 903 Rama
608 846 641 903 et
679 840 799 902 Gabaa.
859 840 943 902 Vide
983 843 1077 905 Iosue
1118 842 1158 905 de

217 932 381 995 Bethaven
410 937 469 993 etc.
520 928 634 991 Nescio
666 948 708 990 an
735 928 805 992 vult
833 928 971 1009 intelligi
999 931 1159 1011 propheta

217 1021 270 1082 hic
293 1027 351 1083 etc.
398 1018 535 1089 Videtur
558 1017 641 1080 mihi
664 1016 754 1097 loqui
776 1017 831 1079 hic
854 1016 894 1079 de
909 1018 1002 1082 totali
1017 1027 1050 1082 et
1064 1039 1156 1099 gene·

217 1109 276 1171 rali
298 1107 478 1189 perditione
500 1106 614 1188 populi
638 1112 706 1168 tam
729 1105 850 1169 Israhel
873 1126 972 1185 quam
991 1107 1074 1170 Iuda
1097 1114 1156 1170 etc.

217 1198 354 1260 Deberet
375 1196 429 1259 hic
452 1214 520 1260 esse
543 1194 675 1256 initium
705 1194 781 1257 novi
809 1194 923 1275 capitis
952 1215 1056 1277 usque
1085 1216 1155 1260 con·

217 1306 330 1349 sonare
352 1286 456 1350 vellet.
501 1283 662 1365 Propheta
675 1282 775 1346 habet
790 1291 864 1347 ante
875 1284 983 1347 oculos
999 1286 1157 1366 populum

217 1376 339 1437 Israhel
361 1372 563 1455 perdendum
592 1377 624 1433 et
651 1391 710 1453 per
732 1372 880 1453 Assyrios
908 1380 942 1435 et
962 1374 1158 1454 Babylonios

217 1471 248 1526 et
271 1462 405 1527 tandem
428 1461 614 1527 vexandum
629 1460 665 1522 in
688 1461 883 1541 captivitate,
907 1460 1009 1525 donec
1031 1464 1155 1544 resipis·

217 1560 292 1615 cant
314 1552 422 1617 vexati
445 1556 477 1614 ct
499 1554 656 1631 quaerant
678 1549 795 1611 faciem
818 1549 870 1612 dei
894 1556 952 1613 etc.
1000 1550 1051 1613 Sic
1073 1557 1157 1615 tran—
1282 1599 1283 1608 ,

218 1643 259 1704 sit
293 1641 465 1791 dealregno
494 1639 616 1702 Israhel
650 1638 770 1700 carnali
803 1638 845 1700 ad
873 1658 1008 1719 regnum
1037 1640 1158 1704 Christi

218 1730 333 1811 spiritu
365 1749 391 1791 e.

216 1908 381 1971 Bethaven
404 1925 486 1986 quae
503 1911 551 1968 est
566 1896 640 1986 post
655 1910 781 1984 tergum
803 1910 907 1981 tuum,
932 1926 951 1968 o
975 1906 1157 1983 Beniamin,

217 2015 337 2077 idest:
363 2017 505 2094 postte,
530 2010 565 2072 in
588 2008 728 2071 confinio
758 2009 856 2081 Iuda,
887 2031 918 2090 q.
944 2011 975 2073 d.
1005 2012 1065 2094 tuit
1094 2011 1157 2092 eud)

216 2120 263 2186 teu
285 2100 375 2180 lircil,
403 2100 462 2183 Sit
483 2098 573 2182 butfft
594 2096 651 2179 [ein
673 2097 739 2164 moi.
785 2098 905 2180 Incipit
936 2121 955 2162 a
983 2101 1158 2182 magnifica

217 2191 442 2256 convocatione
473 2189 599 2270 popuII,
633 2207 733 2267 quam
763 2187 886 2268 aliquid
914 2190 1025 2270 magni
1055 2190 1155 2253 dictu·

216 2300 270 2342 rus
294 2285 352 2342 etc.
400 2277 525 2352 scilicet¹
547 2276 643 2341 vestri
671 2276 952 2358 interemptionem
979 2280 1030 2343 vel
1052 2279 1156 2360 perdi·
1283 2328 1284 2341 ,

216 2370 337 2432 tionem
361 2373 393 2428 et
416 2366 535 2428 Christi
558 2365 649 2444 regni
672 2363 919 2440 institutionem
949 2403 992 2412 -
1015 2367 1158 2431 Buccina

217 2459 266 2521 vel
289 2456 376 2520 tubis
400 2454 442 2517 ad
465 2454 623 2536 proelium
647 2453 821 2516 canebatur
843 2456 993 2536 populus.

546 2607 721 2693 'Ephraim
745 2607 823 2677 etc³

239 2791 241 2794 ¹
305 2722 387 2792 haec
408 2725 456 2782 est
484 2718 662 2793 conclusio,
695 2717 726 2797 θῇ
747 2717 782 2802 tn
809 2719 879 2799 cufi,
907 2723 1002 2804 minet
1028 2719 1155 2802 Ῑώτθίθπ,

216 2808 330 2893 ῃῐθίᾔθη
357 2815 415 2871 eto.
445 2806 476 2886 et
505 2805 570 2872 mitt
597 2805 663 2871 holt
692 2805 748 2886 out
774 2805 843 2887 teti,
878 2807 944 2874 mitt
976 2807 1048 2891 nint
1074 2809 1157 2891 metr

217 2897 423 2974 unterfutter,
448 2895 513 2975 out,
536 2894 602 2975 out.
826 2911 830 2916 ·

464 3056 504 3117 In
527 3054 676 3117 tribubus
698 3056 820 3118 Israhel
843 3064 901 3119 etc.

216 3211 218 3218 ,
307 3159 477 3224 notificabo
500 3181 557 3241 pro
581 3160 717 3235 ostendi,

116 3375 118 3378 ,
633 3319 741 3396 fidem,
1132 3379 1137 3384 .

75 3433 139 3496 ;““
217 3429 338 3492 idest:
375 3424 618 3502 certitudinem,
652 3423 692 3507 ἰώ
715 3423 765 3492 mil
793 3425 943 3507 bemdfiec,
976 3426 1030 3492 bot
1063 3425 1157 3493 mette

217 3522 290 3582 mort
316 3516 426 3581 metten
457 3512 536 3595 maht
567 3511 634 3593 lein,
665 3515 833 3578 ostendam
861 3516 1035 3597 prophetas
1064 3535 1157 3580 meos

216 3749 234 3754 ’“
265 3745 266 3754 ‘
307 3761 333 3828 1)
351 3777 377 3814 v.
396 3760 422 3813 a.
458 3759 486 3827 a)
506 3759 612 3826 Incipit
629 3749 757 3814 forna
768 3761 801 3813 Β.
820 3760 913 3821 uscr.
950 3760 980 3830 a)
998 3778 1024 3817 v.
1044 3761 1068 3814 a.
