<?xml version="1.0" encoding="UTF-8"?>
<!DOCTYPE html PUBLIC "-//W3C//DTD XHTML 1.0 Transitional//EN"
    "http://www.w3.org/TR/xhtml1/DTD/xhtml1-transitional.dtd">
<html xmlns="http://www.w3.org/1999/xhtml" xml:lang="en" lang="en">
 <head>
  <title>
</title>
<meta http-equiv="Content-Type" content="text/html;charset=utf-8" />
  <meta name='ocr-system' content='tesseract 3.04.00' />
  <meta name='ocr-capabilities' content='ocr_page ocr_carea ocr_par ocr_line ocrx_word'/>
</head>
<body>
  <div class='ocr_page' id='page_1' title='image "./exegeticaoperal13luthgoog_0398.png"; bbox 0 0 2575 4225; ppageno 0'>
   <div class='ocr_carea' id='block_1_1' title="bbox 433 284 1069 367">
    <p class='ocr_par' dir='ltr' id='par_1_1' title="bbox 433 284 1069 367">
     <span class='ocr_line' id='line_1_1' title="bbox 433 284 1069 367; baseline 0.008 -21"><span class='ocrx_word' id='word_1_1' title='bbox 433 284 559 347; x_wconf 86' lang='lat' dir='ltr'>Hosaae</span> <span class='ocrx_word' id='word_1_2' title='bbox 581 284 767 367; x_wconf 86' lang='lat' dir='ltr'>prophetae.</span> <span class='ocrx_word' id='word_1_3' title='bbox 1005 284 1069 351; x_wconf 78' lang='lat'>387</span> 
     </span>
    </p>
   </div>
   <div class='ocr_carea' id='block_1_2' title="bbox 126 461 1069 543">
    <p class='ocr_par' dir='ltr' id='par_1_2' title="bbox 126 461 1069 543">
     <span class='ocr_line' id='line_1_2' title="bbox 126 461 1069 543; baseline 0.002 -18"><span class='ocrx_word' id='word_1_4' title='bbox 126 461 216 525; x_wconf 89' lang='grc'><strong>61111</strong></span> <span class='ocrx_word' id='word_1_5' title='bbox 239 466 278 524; x_wconf 90' lang='lat' dir='ltr'>ut</span> <span class='ocrx_word' id='word_1_6' title='bbox 307 481 381 524; x_wconf 88' lang='lat' dir='ltr'>eum</span> <span class='ocrx_word' id='word_1_7' title='bbox 403 461 508 539; x_wconf 83' lang='lat' dir='ltr'>Mose,</span> <span class='ocrx_word' id='word_1_8' title='bbox 538 482 596 543; x_wconf 89' lang='lat' dir='ltr'>per</span> <span class='ocrx_word' id='word_1_9' title='bbox 625 462 769 542; x_wconf 85' lang='lat' dir='ltr'>angelos,</span> <span class='ocrx_word' id='word_1_10' title='bbox 800 481 859 525; x_wconf 88' lang='lat' dir='ltr'>nec</span> <span class='ocrx_word' id='word_1_11' title='bbox 886 466 924 525; x_wconf 90' lang='lat' dir='ltr'>ut</span> <span class='ocrx_word' id='word_1_12' title='bbox 952 463 988 525; x_wconf 94' lang='lat' dir='ltr'>in</span> <span class='ocrx_word' id='word_1_13' title='bbox 1016 462 1069 527; x_wconf 82' lang='lat' dir='ltr'>ba·</span> 
     </span>
    </p>
   </div>
   <div class='ocr_carea' id='block_1_3' title="bbox 14 516 1263 721">
    <p class='ocr_par' dir='ltr' id='par_1_3' title="bbox 14 508 1276 721">
     <span class='ocr_line' id='line_1_3' title="bbox 125 516 1263 632; baseline -0.004 -16"><span class='ocrx_word' id='word_1_14' title='bbox 125 553 248 632; x_wconf 88' lang='lat' dir='ltr'>ptismo</span> <span class='ocrx_word' id='word_1_15' title='bbox 271 550 404 627; x_wconf 81' lang='lat' dir='ltr'>Christi,</span> <span class='ocrx_word' id='word_1_16' title='bbox 434 571 493 613; x_wconf 89' lang='lat' dir='ltr'>sua</span> <span class='ocrx_word' id='word_1_17' title='bbox 513 571 591 614; x_wconf 87' lang='lat' dir='ltr'>voce</span> <span class='ocrx_word' id='word_1_18' title='bbox 613 552 655 628; x_wconf 87' lang='lat' dir='ltr'>de</span> <span class='ocrx_word' id='word_1_19' title='bbox 681 551 784 628; x_wconf 92' lang='lat' dir='ltr'>coelo,</span> <span class='ocrx_word' id='word_1_20' title='bbox 808 552 877 616; x_wconf 82' lang='lat' dir='ltr'>vult</span> <span class='ocrx_word' id='word_1_21' title='bbox 899 551 1070 615; x_wconf 84' lang='lat' dir='ltr'>nobiscum</span> <span class='ocrx_word' id='word_1_22' title='bbox 1171 622 1173 627; x_wconf 21' lang='lat'><strong><em>¹</em></strong></span> <span class='ocrx_word' id='word_1_23' title='bbox 1231 516 1263 579; x_wconf 62' lang='lat'><em>3</em></span> 
     </span>
     <span class='ocr_line' id='line_1_4' title="bbox 14 638 1080 721; baseline -0.003 -16"><span class='ocrx_word' id='word_1_24' title='bbox 14 676 16 679; x_wconf 95' lang='lat'>·</span> <span class='ocrx_word' id='word_1_25' title='bbox 125 640 225 720; x_wconf 89' lang='lat' dir='ltr'>loqui.</span> <span class='ocrx_word' id='word_1_26' title='bbox 273 640 355 702; x_wconf 78' lang='grc'><strong>(11111</strong></span> <span class='ocrx_word' id='word_1_27' title='bbox 385 646 493 703; x_wconf 89' lang='lat' dir='ltr'>autem</span> <span class='ocrx_word' id='word_1_28' title='bbox 522 642 617 721; x_wconf 89' lang='lat' dir='ltr'>impii</span> <span class='ocrx_word' id='word_1_29' title='bbox 639 644 672 702; x_wconf 87' lang='lat' dir='ltr'>et</span> <span class='ocrx_word' id='word_1_30' title='bbox 694 641 829 704; x_wconf 88' lang='lat' dir='ltr'>verbum</span> <span class='ocrx_word' id='word_1_31' title='bbox 852 641 1006 703; x_wconf 89' lang='lat' dir='ltr'>abiiciant</span> <span class='ocrx_word' id='word_1_32' title='bbox 1033 638 1080 705; x_wconf 83' lang='grc'>66</span> 
     </span>
    </p>
   </div>
   <div class='ocr_carea' id='block_1_4' title="bbox 46 728 1070 1078">
    <p class='ocr_par' dir='ltr' id='par_1_4' title="bbox 46 728 1070 1078">
     <span class='ocr_line' id='line_1_5' title="bbox 46 728 1069 812; baseline 0.004 -22"><span class='ocrx_word' id='word_1_33' title='bbox 46 761 50 768; x_wconf 77' lang='lat'>,</span> <span class='ocrx_word' id='word_1_34' title='bbox 124 734 369 810; x_wconf 86' lang='lat' dir='ltr'>persequantur,</span> <span class='ocrx_word' id='word_1_35' title='bbox 399 734 432 791; x_wconf 90' lang='lat' dir='ltr'>et</span> <span class='ocrx_word' id='word_1_36' title='bbox 454 729 613 792; x_wconf 81' lang='lat' dir='ltr'><strong>admoniti</strong></span> <span class='ocrx_word' id='word_1_37' title='bbox 638 728 822 793; x_wconf 80' lang='lat' dir='ltr'>idolatriam</span> <span class='ocrx_word' id='word_1_38' title='bbox 843 736 981 810; x_wconf 82' lang='lat' dir='ltr'>urgeant</span> <span class='ocrx_word' id='word_1_39' title='bbox 1001 750 1069 812; x_wconf 89' lang='lat' dir='ltr'>per·</span> 
     </span>
     <span class='ocr_line' id='line_1_6' title="bbox 125 817 1070 899; baseline 0.002 -20"><span class='ocrx_word' id='word_1_40' title='bbox 125 817 275 894; x_wconf 88' lang='lat' dir='ltr'>tinacius,</span> <span class='ocrx_word' id='word_1_41' title='bbox 300 817 379 898; x_wconf 89' lang='lat' dir='ltr'>quid</span> <span class='ocrx_word' id='word_1_42' title='bbox 394 822 501 898; x_wconf 85' lang='lat' dir='ltr'>potest</span> <span class='ocrx_word' id='word_1_43' title='bbox 523 818 601 880; x_wconf 93' lang='lat' dir='ltr'>addi</span> <span class='ocrx_word' id='word_1_44' title='bbox 615 818 756 899; x_wconf 87' lang='lat' dir='ltr'>amplius</span> <span class='ocrx_word' id='word_1_45' title='bbox 780 819 938 881; x_wconf 79' lang='lat' dir='ltr'>anobis?</span> <span class='ocrx_word' id='word_1_46' title='bbox 982 820 1070 881; x_wconf 90' lang='lat' dir='ltr'>Num</span> 
     </span>
     <span class='ocr_line' id='line_1_7' title="bbox 126 907 1070 990; baseline 0.001 -22"><span class='ocrx_word' id='word_1_47' title='bbox 126 907 344 987; x_wconf 84' lang='lat' dir='ltr'>precabimur,</span> <span class='ocrx_word' id='word_1_48' title='bbox 374 911 412 969; x_wconf 90' lang='lat' dir='ltr'>ut</span> <span class='ocrx_word' id='word_1_49' title='bbox 434 907 513 969; x_wconf 89' lang='lat' dir='ltr'>deus</span> <span class='ocrx_word' id='word_1_50' title='bbox 537 907 705 969; x_wconf 80' lang='lat' dir='ltr'>confimat</span> <span class='ocrx_word' id='word_1_51' title='bbox 733 926 843 970; x_wconf 88' lang='lat' dir='ltr'>eorum</span> <span class='ocrx_word' id='word_1_52' title='bbox 865 907 1070 990; x_wconf 72' lang='lat' dir='ltr'>potentiam?</span> 
     </span>
     <span class='ocr_line' id='line_1_8' title="bbox 126 994 1069 1078; baseline -0.001 -20"><span class='ocrx_word' id='word_1_53' title='bbox 126 996 170 1058; x_wconf 84' lang='lat' dir='ltr'>Et</span> <span class='ocrx_word' id='word_1_54' title='bbox 191 1016 258 1058; x_wconf 92' lang='lat' dir='ltr'>non</span> <span class='ocrx_word' id='word_1_55' title='bbox 280 996 389 1078; x_wconf 90' lang='lat' dir='ltr'>potius</span> <span class='ocrx_word' id='word_1_56' title='bbox 411 996 521 1058; x_wconf 84' lang='lat' dir='ltr'>veniat</span> <span class='ocrx_word' id='word_1_57' title='bbox 542 996 647 1059; x_wconf 88' lang='lat' dir='ltr'>iustus</span> <span class='ocrx_word' id='word_1_58' title='bbox 669 994 778 1073; x_wconf 87' lang='lat' dir='ltr'>iudex,</span> <span class='ocrx_word' id='word_1_59' title='bbox 807 1002 840 1059; x_wconf 92' lang='lat' dir='ltr'>et</span> <span class='ocrx_word' id='word_1_60' title='bbox 861 994 979 1077; x_wconf 84' lang='lat' dir='ltr'>impios</span> <span class='ocrx_word' id='word_1_61' title='bbox 1002 1014 1069 1077; x_wconf 73' lang='lat' dir='ltr'>per÷</span> 
     </span>
    </p>
   </div>
   <div class='ocr_carea' id='block_1_5' title="bbox 14 1083 1071 1166">
    <p class='ocr_par' dir='ltr' id='par_1_5' title="bbox 14 1083 1071 1166">
     <span class='ocr_line' id='line_1_9' title="bbox 14 1083 1071 1166; baseline 0.001 -20"><span class='ocrx_word' id='word_1_62' title='bbox 14 1083 15 1106; x_wconf 74' lang='lat'>³</span> <span class='ocrx_word' id='word_1_63' title='bbox 126 1083 183 1147; x_wconf 92' lang='lat' dir='ltr'>dat</span> <span class='ocrx_word' id='word_1_64' title='bbox 213 1085 254 1147; x_wconf 87' lang='lat' dir='ltr'>ds</span> <span class='ocrx_word' id='word_1_65' title='bbox 281 1091 380 1161; x_wconf 83' lang='lat' dir='ltr'>terra,</span> <span class='ocrx_word' id='word_1_66' title='bbox 412 1085 470 1164; x_wconf 90' lang='lat' dir='ltr'>qui</span> <span class='ocrx_word' id='word_1_67' title='bbox 496 1084 558 1147; x_wconf 89' lang='lat' dir='ltr'>hoe</span> <span class='ocrx_word' id='word_1_68' title='bbox 585 1090 700 1165; x_wconf 85' lang='lat' dir='ltr'>agunt,</span> <span class='ocrx_word' id='word_1_69' title='bbox 736 1090 773 1147; x_wconf 94' lang='lat' dir='ltr'>ut</span> <span class='ocrx_word' id='word_1_70' title='bbox 802 1085 838 1148; x_wconf 89' lang='lat' dir='ltr'>in</span> <span class='ocrx_word' id='word_1_71' title='bbox 867 1085 1071 1166; x_wconf 83' lang='lat' dir='ltr'>impietatem</span> 
     </span>
    </p>
   </div>
   <div class='ocr_carea' id='block_1_6' title="bbox 14 1173 1071 1428">
    <p class='ocr_par' dir='ltr' id='par_1_6' title="bbox 14 1173 1071 1428">
     <span class='ocr_line' id='line_1_10' title="bbox 126 1173 475 1236; baseline 0 -1"><span class='ocrx_word' id='word_1_72' title='bbox 126 1193 239 1236; x_wconf 89' lang='lat' dir='ltr'>omnes</span> <span class='ocrx_word' id='word_1_73' title='bbox 260 1173 475 1236; x_wconf 76' lang='lat' dir='ltr'>involvantur.</span> 
     </span>
     <span class='ocr_line' id='line_1_11' title="bbox 14 1259 1071 1326; baseline 0.001 -2"><span class='ocrx_word' id='word_1_74' title='bbox 14 1299 16 1306; x_wconf 56' lang='lat'>&gt;</span> <span class='ocrx_word' id='word_1_75' title='bbox 220 1259 407 1326; x_wconf 85' lang='lat' dir='ltr'>¹Pontificia</span> <span class='ocrx_word' id='word_1_76' title='bbox 443 1261 539 1325; x_wconf 90' lang='lat' dir='ltr'>turba</span> <span class='ocrx_word' id='word_1_77' title='bbox 566 1261 663 1324; x_wconf 91' lang='lat' dir='ltr'>hodie</span> <span class='ocrx_word' id='word_1_78' title='bbox 696 1263 832 1325; x_wconf 88' lang='lat' dir='ltr'>verbum</span> <span class='ocrx_word' id='word_1_79' title='bbox 860 1283 926 1325; x_wconf 90' lang='lat' dir='ltr'>non</span> <span class='ocrx_word' id='word_1_80' title='bbox 965 1263 1071 1325; x_wconf 90' lang='lat' dir='ltr'>solum</span> 
     </span>
     <span class='ocr_line' id='line_1_12' title="bbox 14 1350 1071 1428; baseline -0.002 -13"><span class='ocrx_word' id='word_1_81' title='bbox 14 1353 15 1362; x_wconf 47' lang='lat'><em>³</em></span> <span class='ocrx_word' id='word_1_82' title='bbox 125 1367 193 1415; x_wconf 88' lang='lat' dir='ltr'>non</span> <span class='ocrx_word' id='word_1_83' title='bbox 217 1352 370 1428; x_wconf 80' lang='lat' dir='ltr'>admittit,</span> <span class='ocrx_word' id='word_1_84' title='bbox 395 1350 451 1413; x_wconf 90' lang='lat' dir='ltr'>sed</span> <span class='ocrx_word' id='word_1_85' title='bbox 475 1350 645 1414; x_wconf 84' lang='lat' dir='ltr'>crudeliter</span> <span class='ocrx_word' id='word_1_86' title='bbox 667 1352 737 1414; x_wconf 88' lang='lat' dir='ltr'>odit</span> <span class='ocrx_word' id='word_1_87' title='bbox 759 1357 791 1414; x_wconf 90' lang='lat' dir='ltr'>et</span> <span class='ocrx_word' id='word_1_88' title='bbox 814 1352 957 1415; x_wconf 89' lang='lat' dir='ltr'>damnat.</span> <span class='ocrx_word' id='word_1_89' title='bbox 1003 1351 1071 1414; x_wconf 90' lang='lat' dir='ltr'>Nec</span> 
     </span>
    </p>
   </div>
   <div class='ocr_carea' id='block_1_7' title="bbox 14 1440 1276 2586">
    <p class='ocr_par' dir='ltr' id='par_1_7' title="bbox 14 1440 1276 2586">
     <span class='ocr_line' id='line_1_13' title="bbox 14 1440 1070 1521; baseline -0.001 -17"><span class='ocrx_word' id='word_1_90' title='bbox 14 1493 15 1496; x_wconf 63' lang='lat'>,</span> <span class='ocrx_word' id='word_1_91' title='bbox 126 1442 232 1504; x_wconf 88' lang='lat' dir='ltr'>solum</span> <span class='ocrx_word' id='word_1_92' title='bbox 254 1441 336 1503; x_wconf 90' lang='lat' dir='ltr'>nulli</span> <span class='ocrx_word' id='word_1_93' title='bbox 358 1440 571 1503; x_wconf 88' lang='lat' dir='ltr'>emendantur</span> <span class='ocrx_word' id='word_1_94' title='bbox 594 1440 713 1503; x_wconf 88' lang='lat' dir='ltr'>abusus</span> <span class='ocrx_word' id='word_1_95' title='bbox 738 1440 946 1521; x_wconf 86' lang='lat' dir='ltr'>quantumvis</span> <span class='ocrx_word' id='word_1_96' title='bbox 969 1441 1070 1503; x_wconf 89' lang='lat' dir='ltr'>mani-</span> 
     </span>
     <span class='ocr_line' id='line_1_14' title="bbox 14 1529 1071 1613; baseline -0.005 -15"><span class='ocrx_word' id='word_1_97' title='bbox 14 1558 16 1598; x_wconf 75' lang='lat' dir='ltr'>i</span> <span class='ocrx_word' id='word_1_98' title='bbox 124 1532 217 1606; x_wconf 84' lang='lat' dir='ltr'>festi,</span> <span class='ocrx_word' id='word_1_99' title='bbox 249 1530 307 1593; x_wconf 87' lang='lat' dir='ltr'>sed</span> <span class='ocrx_word' id='word_1_100' title='bbox 329 1530 552 1611; x_wconf 81' lang='lat' dir='ltr'>excogitantur</span> <span class='ocrx_word' id='word_1_101' title='bbox 583 1529 728 1609; x_wconf 84' lang='lat' dir='ltr'>quotidie</span> <span class='ocrx_word' id='word_1_102' title='bbox 751 1530 828 1593; x_wconf 90' lang='lat' dir='ltr'>novi</span> <span class='ocrx_word' id='word_1_103' title='bbox 850 1530 927 1607; x_wconf 90' lang='lat' dir='ltr'>fuci,</span> <span class='ocrx_word' id='word_1_104' title='bbox 952 1530 1071 1613; x_wconf 88' lang='lat' dir='ltr'>quibus</span> 
     </span>
     <span class='ocr_line' id='line_1_15' title="bbox 125 1616 1071 1701; baseline -0.001 -18.105"><span class='ocrx_word' id='word_1_105' title='bbox 125 1626 257 1683; x_wconf 89' lang='lat' dir='ltr'>ornetur</span> <span class='ocrx_word' id='word_1_106' title='bbox 286 1620 446 1700; x_wconf 84' lang='lat' dir='ltr'>impietas.</span> <span class='ocrx_word' id='word_1_107' title='bbox 492 1619 557 1680; x_wconf 90' lang='lat' dir='ltr'>Hic</span> <span class='ocrx_word' id='word_1_108' title='bbox 586 1618 665 1698; x_wconf 91' lang='lat' dir='ltr'>quid</span> <span class='ocrx_word' id='word_1_109' title='bbox 689 1619 813 1681; x_wconf 78' lang='lat' dir='ltr'>facias?</span> <span class='ocrx_word' id='word_1_110' title='bbox 859 1618 907 1680; x_wconf 83' lang='lat' dir='ltr'>Ea</span> <span class='ocrx_word' id='word_1_111' title='bbox 936 1638 994 1701; x_wconf 90' lang='lat' dir='ltr'>spe</span> <span class='ocrx_word' id='word_1_112' title='bbox 1017 1616 1071 1682; x_wconf 91' lang='lat' dir='ltr'>do·</span> 
     </span>
     <span class='ocr_line' id='line_1_16' title="bbox 14 1708 1071 1799; baseline -0.006 -23"><span class='ocrx_word' id='word_1_113' title='bbox 14 1736 16 1777; x_wconf 70' lang='lat'><strong>5</strong></span> <span class='ocrx_word' id='word_1_114' title='bbox 126 1710 263 1785; x_wconf 86' lang='lat' dir='ltr'>enimus,</span> <span class='ocrx_word' id='word_1_115' title='bbox 286 1714 324 1772; x_wconf 93' lang='lat' dir='ltr'>ut</span> <span class='ocrx_word' id='word_1_116' title='bbox 347 1708 603 1784; x_wconf 85' lang='lat' dir='ltr'>emendarentur,</span> <span class='ocrx_word' id='word_1_117' title='bbox 628 1708 773 1787; x_wconf 87' lang='lat' dir='ltr'>quotidie</span> <span class='ocrx_word' id='word_1_118' title='bbox 789 1726 919 1799; x_wconf 70' lang='lat' dir='ltr'>quoque</span> <span class='ocrx_word' id='word_1_119' title='bbox 942 1727 1071 1771; x_wconf 88' lang='lat' dir='ltr'>oramus</span> 
     </span>
     <span class='ocr_line' id='line_1_17' title="bbox 125 1796 1067 1879; baseline -0.004 -18.422"><span class='ocrx_word' id='word_1_120' title='bbox 125 1818 184 1879; x_wconf 90' lang='lat' dir='ltr'>pro</span> <span class='ocrx_word' id='word_1_121' title='bbox 208 1818 356 1861; x_wconf 89' lang='lat' dir='ltr'>successu</span> <span class='ocrx_word' id='word_1_122' title='bbox 389 1798 494 1874; x_wconf 87' lang='lat' dir='ltr'>verbi,</span> <span class='ocrx_word' id='word_1_123' title='bbox 525 1802 558 1859; x_wconf 92' lang='lat' dir='ltr'>et</span> <span class='ocrx_word' id='word_1_124' title='bbox 591 1802 702 1859; x_wconf 90' lang='lat' dir='ltr'>contra</span> <span class='ocrx_word' id='word_1_125' title='bbox 725 1797 862 1859; x_wconf 82' lang='lat' dir='ltr'>Satanae</span> <span class='ocrx_word' id='word_1_126' title='bbox 888 1796 1067 1858; x_wconf 90' lang='lat' dir='ltr'>mendacia.</span> 
     </span>
     <span class='ocr_line' id='line_1_18' title="bbox 14 1884 1067 1968; baseline -0.004 -18"><span class='ocrx_word' id='word_1_127' title='bbox 14 1903 16 1959; x_wconf 75' lang='lat'>3</span> <span class='ocrx_word' id='word_1_128' title='bbox 126 1887 188 1949; x_wconf 79' lang='lat' dir='ltr'>Sed</span> <span class='ocrx_word' id='word_1_129' title='bbox 219 1887 315 1968; x_wconf 89' lang='lat' dir='ltr'>impii</span> <span class='ocrx_word' id='word_1_130' title='bbox 336 1888 502 1962; x_wconf 87' lang='lat' dir='ltr'>homines,</span> <span class='ocrx_word' id='word_1_131' title='bbox 533 1891 655 1965; x_wconf 85' lang='lat' dir='ltr'>quanto</span> <span class='ocrx_word' id='word_1_132' title='bbox 677 1904 737 1948; x_wconf 91' lang='lat' dir='ltr'>nos</span> <span class='ocrx_word' id='word_1_133' title='bbox 765 1890 796 1948; x_wconf 92' lang='grc'>61</span> <span class='ocrx_word' id='word_1_134' title='bbox 823 1884 976 1948; x_wconf 78' lang='lat' dir='ltr'>docemus</span> <span class='ocrx_word' id='word_1_135' title='bbox 999 1884 1067 1946; x_wconf 93' lang='lat' dir='ltr'>dili-</span> 
     </span>
     <span class='ocr_line' id='line_1_19' title="bbox 14 1972 1258 2055; baseline -0.007 -17"><span class='ocrx_word' id='word_1_136' title='bbox 14 1972 16 2048; x_wconf 74' lang='grc' dir='ltr'><strong><em>ζ</em></strong></span> <span class='ocrx_word' id='word_1_137' title='bbox 126 1976 255 2055; x_wconf 83' lang='lat' dir='ltr'>gentius</span> <span class='ocrx_word' id='word_1_138' title='bbox 278 1982 311 2038; x_wconf 89' lang='lat' dir='ltr'>et</span> <span class='ocrx_word' id='word_1_139' title='bbox 326 1995 454 2038; x_wconf 89' lang='lat' dir='ltr'>oramus</span> <span class='ocrx_word' id='word_1_140' title='bbox 470 1974 655 2050; x_wconf 78' lang='lat' dir='ltr'>studiosius,</span> <span class='ocrx_word' id='word_1_141' title='bbox 680 1978 771 2036; x_wconf 90' lang='lat' dir='ltr'>tanto</span> <span class='ocrx_word' id='word_1_142' title='bbox 786 1973 870 2036; x_wconf 91' lang='lat' dir='ltr'>fiunt</span> <span class='ocrx_word' id='word_1_143' title='bbox 885 1972 1067 2051; x_wconf 87' lang='lat' dir='ltr'>deteriores,</span> <span class='ocrx_word' id='word_1_144' title='bbox 1251 2024 1258 2049; x_wconf 16' lang='grc' dir='ltr'>Ι.</span> 
     </span>
     <span class='ocr_line' id='line_1_20' title="bbox 127 2062 1276 2158; baseline -0.004 -28.448"><span class='ocrx_word' id='word_1_145' title='bbox 127 2071 242 2146; x_wconf 87' lang='lat' dir='ltr'>agunt,</span> <span class='ocrx_word' id='word_1_146' title='bbox 267 2070 437 2142; x_wconf 86' lang='lat' dir='ltr'>conantur,</span> <span class='ocrx_word' id='word_1_147' title='bbox 465 2063 643 2126; x_wconf 90' lang='lat' dir='ltr'>moliuntur</span> <span class='ocrx_word' id='word_1_148' title='bbox 665 2062 784 2140; x_wconf 89' lang='lat' dir='ltr'>omnia,</span> <span class='ocrx_word' id='word_1_149' title='bbox 813 2082 895 2143; x_wconf 90' lang='lat' dir='ltr'>quae</span> <span class='ocrx_word' id='word_1_150' title='bbox 918 2062 1070 2127; x_wconf 86' lang='lat' dir='ltr'>videntur</span> <span class='ocrx_word' id='word_1_151' title='bbox 1133 2088 1136 2093; x_wconf 89' lang='lat'>·</span> <span class='ocrx_word' id='word_1_152' title='bbox 1240 2084 1276 2158; x_wconf 24' lang='grc' dir='ltr'>ης</span> 
     </span>
     <span class='ocr_line' id='line_1_21' title="bbox 14 2145 1255 2243; baseline -0.002 -26"><span class='ocrx_word' id='word_1_153' title='bbox 14 2187 16 2243; x_wconf 89' lang='lat'>!</span> <span class='ocrx_word' id='word_1_154' title='bbox 126 2155 175 2222; x_wconf 75' lang='lat' dir='ltr'>ad,</span> <span class='ocrx_word' id='word_1_155' title='bbox 199 2155 363 2217; x_wconf 88' lang='lat' dir='ltr'>doctrinae</span> <span class='ocrx_word' id='word_1_156' title='bbox 392 2159 518 2216; x_wconf 88' lang='lat' dir='ltr'>nostrae</span> <span class='ocrx_word' id='word_1_157' title='bbox 548 2152 715 2214; x_wconf 89' lang='lat' dir='ltr'>interitum</span> <span class='ocrx_word' id='word_1_158' title='bbox 744 2157 777 2213; x_wconf 92' lang='lat' dir='ltr'>et</span> <span class='ocrx_word' id='word_1_159' title='bbox 805 2151 970 2228; x_wconf 85' lang='lat' dir='ltr'>idolatriae</span> <span class='ocrx_word' id='word_1_160' title='bbox 998 2171 1067 2234; x_wconf 91' lang='lat' dir='ltr'>pro·</span> <span class='ocrx_word' id='word_1_161' title='bbox 1250 2145 1255 2158; x_wconf 57' lang='lat'>¹</span> 
     </span>
     <span class='ocr_line' id='line_1_22' title="bbox 125 2235 1265 2325; baseline -0.003 -19"><span class='ocrx_word' id='word_1_162' title='bbox 125 2244 332 2324; x_wconf 84' lang='lat' dir='ltr'>pagationem</span> <span class='ocrx_word' id='word_1_163' title='bbox 359 2244 527 2325; x_wconf 87' lang='lat' dir='ltr'>pertinere.</span> <span class='ocrx_word' id='word_1_164' title='bbox 573 2241 661 2302; x_wconf 89' lang='lat' dir='ltr'>Num</span> <span class='ocrx_word' id='word_1_165' title='bbox 694 2241 793 2320; x_wconf 83' lang='lat' dir='ltr'>igitur</span> <span class='ocrx_word' id='word_1_166' title='bbox 819 2240 996 2317; x_wconf 88' lang='lat' dir='ltr'>orabimus,</span> <span class='ocrx_word' id='word_1_167' title='bbox 1031 2245 1069 2304; x_wconf 92' lang='lat' dir='ltr'>ut</span> <span class='ocrx_word' id='word_1_168' title='bbox 1143 2293 1146 2300; x_wconf 93' lang='lat'><em>.</em></span> <span class='ocrx_word' id='word_1_169' title='bbox 1259 2235 1265 2278; x_wconf 84' lang='lat'>·.</span> 
     </span>
     <span class='ocr_line' id='line_1_23' title="bbox 14 2329 1069 2410; baseline -0.005 -15"><span class='ocrx_word' id='word_1_170' title='bbox 14 2340 16 2357; x_wconf 75' lang='lat'><em>&#39;</em></span> <span class='ocrx_word' id='word_1_171' title='bbox 126 2332 192 2396; x_wconf 89' lang='lat' dir='ltr'>sint</span> <span class='ocrx_word' id='word_1_172' title='bbox 215 2332 333 2409; x_wconf 80' lang='lat' dir='ltr'>felices,</span> <span class='ocrx_word' id='word_1_173' title='bbox 357 2339 395 2395; x_wconf 92' lang='lat' dir='ltr'>ut</span> <span class='ocrx_word' id='word_1_174' title='bbox 415 2332 558 2394; x_wconf 87' lang='lat' dir='ltr'>habeant</span> <span class='ocrx_word' id='word_1_175' title='bbox 573 2329 723 2410; x_wconf 52' lang='lat' dir='ltr'>,quietem</span> <span class='ocrx_word' id='word_1_176' title='bbox 746 2329 787 2392; x_wconf 91' lang='lat' dir='ltr'>ab</span> <span class='ocrx_word' id='word_1_177' title='bbox 806 2329 979 2392; x_wconf 74' lang='lat' dir='ltr'>hostibus?</span> <span class='ocrx_word' id='word_1_178' title='bbox 1024 2329 1069 2391; x_wconf 92' lang='lat' dir='ltr'>Ut</span> 
     </span>
     <span class='ocr_line' id='line_1_24' title="bbox 14 2419 1067 2501; baseline -0.005 -17"><span class='ocrx_word' id='word_1_179' title='bbox 14 2472 16 2499; x_wconf 60' lang='grc'><strong>,</strong></span> <span class='ocrx_word' id='word_1_180' title='bbox 126 2422 235 2484; x_wconf 90' lang='lat' dir='ltr'>nullus</span> <span class='ocrx_word' id='word_1_181' title='bbox 265 2426 433 2484; x_wconf 81' lang='lat' dir='ltr'>arceantur</span> <span class='ocrx_word' id='word_1_182' title='bbox 454 2419 580 2501; x_wconf 87' lang='lat' dir='ltr'>poenis,</span> <span class='ocrx_word' id='word_1_183' title='bbox 612 2437 687 2480; x_wconf 89' lang='lat' dir='ltr'>eum</span> <span class='ocrx_word' id='word_1_184' title='bbox 710 2423 833 2480; x_wconf 89' lang='lat' dir='ltr'>certum</span> <span class='ocrx_word' id='word_1_185' title='bbox 859 2419 915 2494; x_wconf 90' lang='grc'><strong>611,</strong></span> <span class='ocrx_word' id='word_1_186' title='bbox 947 2423 979 2480; x_wconf 83' lang='grc'>61</span> <span class='ocrx_word' id='word_1_187' title='bbox 1001 2437 1067 2479; x_wconf 88' lang='lat' dir='ltr'>auo-</span> 
     </span>
     <span class='ocr_line' id='line_1_25' title="bbox 14 2503 1068 2586; baseline -0.006 -13"><span class='ocrx_word' id='word_1_188' title='bbox 14 2503 16 2520; x_wconf 62' lang='lat'><em>*</em></span> <span class='ocrx_word' id='word_1_189' title='bbox 127 2524 219 2573; x_wconf 86' lang='lat' dir='ltr'>cessu</span> <span class='ocrx_word' id='word_1_190' title='bbox 250 2530 304 2572; x_wconf 89' lang='lat' dir='ltr'>eos</span> <span class='ocrx_word' id='word_1_191' title='bbox 327 2511 483 2572; x_wconf 90' lang='lat' dir='ltr'>abusuros</span> <span class='ocrx_word' id='word_1_192' title='bbox 514 2508 555 2569; x_wconf 90' lang='lat' dir='ltr'>ad</span> <span class='ocrx_word' id='word_1_193' title='bbox 585 2505 638 2568; x_wconf 91' lang='lat' dir='ltr'>dei</span> <span class='ocrx_word' id='word_1_194' title='bbox 661 2507 904 2582; x_wconf 88' lang='lat' dir='ltr'>contumeliam,</span> <span class='ocrx_word' id='word_1_195' title='bbox 935 2511 968 2568; x_wconf 88' lang='lat' dir='ltr'>et</span> <span class='ocrx_word' id='word_1_196' title='bbox 989 2525 1068 2586; x_wconf 89' lang='lat' dir='ltr'>pace</span> 
     </span>
    </p>
   </div>
   <div class='ocr_carea' id='block_1_8' title="bbox 14 2595 1070 2949">
    <p class='ocr_par' dir='ltr' id='par_1_8' title="bbox 14 2595 1070 2752">
     <span class='ocr_line' id='line_1_26' title="bbox 14 2595 1070 2675; baseline -0.005 -13"><span class='ocrx_word' id='word_1_197' title='bbox 14 2625 16 2675; x_wconf 77' lang='lat' dir='ltr'>l</span> <span class='ocrx_word' id='word_1_198' title='bbox 126 2600 168 2662; x_wconf 91' lang='lat' dir='ltr'>ad</span> <span class='ocrx_word' id='word_1_199' title='bbox 199 2599 352 2661; x_wconf 89' lang='lat' dir='ltr'>delendas</span> <span class='ocrx_word' id='word_1_200' title='bbox 375 2598 537 2672; x_wconf 88' lang='lat' dir='ltr'>ecclesias,</span> <span class='ocrx_word' id='word_1_201' title='bbox 569 2611 653 2675; x_wconf 88' lang='lat' dir='ltr'>quae</span> <span class='ocrx_word' id='word_1_202' title='bbox 684 2615 797 2658; x_wconf 88' lang='lat' dir='ltr'>sanam</span> <span class='ocrx_word' id='word_1_203' title='bbox 825 2595 1004 2658; x_wconf 81' lang='lat' dir='ltr'>doctrinam</span> <span class='ocrx_word' id='word_1_204' title='bbox 1036 2600 1070 2658; x_wconf 91' lang='lat' dir='ltr'>et</span> 
     </span>
     <span class='ocr_line' id='line_1_27' title="bbox 14 2677 533 2752; baseline -0.012 0"><span class='ocrx_word' id='word_1_205' title='bbox 14 2677 17 2704; x_wconf 68' lang='lat'>⁵</span> <span class='ocrx_word' id='word_1_206' title='bbox 126 2708 218 2752; x_wconf 83' lang='lat' dir='ltr'>veros</span> <span class='ocrx_word' id='word_1_207' title='bbox 242 2688 346 2750; x_wconf 89' lang='lat' dir='ltr'>cultus</span> <span class='ocrx_word' id='word_1_208' title='bbox 369 2687 533 2750; x_wconf 70' lang='lat' dir='ltr'>retinent?</span> 
     </span>
    </p>

    <p class='ocr_par' dir='ltr' id='par_1_9' title="bbox 14 2773 1067 2949">
     <span class='ocr_line' id='line_1_28' title="bbox 14 2773 1067 2857; baseline -0.004 -18"><span class='ocrx_word' id='word_1_209' title='bbox 14 2826 16 2856; x_wconf 83' lang='grc'><strong>,</strong></span> <span class='ocrx_word' id='word_1_210' title='bbox 216 2777 304 2850; x_wconf 77' lang='lat' dir='ltr'>Quin</span> <span class='ocrx_word' id='word_1_211' title='bbox 326 2777 434 2857; x_wconf 92' lang='lat' dir='ltr'>potius</span> <span class='ocrx_word' id='word_1_212' title='bbox 457 2794 584 2838; x_wconf 88' lang='lat' dir='ltr'>oremus</span> <span class='ocrx_word' id='word_1_213' title='bbox 607 2795 666 2856; x_wconf 89' lang='lat' dir='ltr'>pro</span> <span class='ocrx_word' id='word_1_214' title='bbox 689 2773 943 2839; x_wconf 87' lang='lat' dir='ltr'>sanctificatione</span> <span class='ocrx_word' id='word_1_215' title='bbox 966 2774 1067 2836; x_wconf 90' lang='lat' dir='ltr'>nomi-</span> 
     </span>
     <span class='ocr_line' id='line_1_29' title="bbox 14 2862 1067 2949; baseline -0.005 -19"><span class='ocrx_word' id='word_1_216' title='bbox 14 2862 17 2949; x_wconf 93' lang='grc'>1</span> <span class='ocrx_word' id='word_1_217' title='bbox 126 2867 177 2929; x_wconf 86' lang='lat' dir='ltr'>nis</span> <span class='ocrx_word' id='word_1_218' title='bbox 201 2866 263 2928; x_wconf 88' lang='grc'><strong>(161.</strong></span> <span class='ocrx_word' id='word_1_219' title='bbox 309 2867 400 2928; x_wconf 82' lang='grc' dir='ltr'><strong>Η666</strong></span> <span class='ocrx_word' id='word_1_220' title='bbox 430 2865 529 2928; x_wconf 87' lang='lat' dir='ltr'>oratio</span> <span class='ocrx_word' id='word_1_221' title='bbox 557 2865 604 2926; x_wconf 88' lang='lat' dir='ltr'>sic</span> <span class='ocrx_word' id='word_1_222' title='bbox 627 2864 760 2926; x_wconf 90' lang='lat' dir='ltr'>demum</span> <span class='ocrx_word' id='word_1_223' title='bbox 783 2862 929 2924; x_wconf 89' lang='lat' dir='ltr'>exaudiri</span> <span class='ocrx_word' id='word_1_224' title='bbox 956 2881 1067 2940; x_wconf 82' lang='lat' dir='ltr'>cogno·</span> 
     </span>
    </p>
   </div>
   <div class='ocr_carea' id='block_1_9' title="bbox 14 2950 1068 3123">
    <p class='ocr_par' dir='ltr' id='par_1_10' title="bbox 14 2950 1068 3123">
     <span class='ocr_line' id='line_1_30' title="bbox 14 2950 1067 3031; baseline -0.005 -13"><span class='ocrx_word' id='word_1_225' title='bbox 14 2950 16 3029; x_wconf 70' lang='grc' dir='ltr'><strong>Ῑ</strong></span> <span class='ocrx_word' id='word_1_226' title='bbox 126 2955 235 3031; x_wconf 84' lang='grc'><strong>6611111,</strong></span> <span class='ocrx_word' id='word_1_227' title='bbox 261 2974 335 3017; x_wconf 91' lang='lat' dir='ltr'>cum</span> <span class='ocrx_word' id='word_1_228' title='bbox 358 2955 509 3016; x_wconf 87' lang='lat' dir='ltr'>dominus</span> <span class='ocrx_word' id='word_1_229' title='bbox 533 2953 691 3015; x_wconf 86' lang='lat' dir='ltr'>subvertit</span> <span class='ocrx_word' id='word_1_230' title='bbox 712 2952 1067 3031; x_wconf 86' lang='lat' dir='ltr'>impietatispatronos,</span> 
     </span>
     <span class='ocr_line' id='line_1_31' title="bbox 14 3039 1068 3123; baseline -0.009 -14"><span class='ocrx_word' id='word_1_231' title='bbox 14 3076 16 3109; x_wconf 63' lang='grc'>1</span> <span class='ocrx_word' id='word_1_232' title='bbox 126 3051 159 3107; x_wconf 84' lang='grc'>61</span> <span class='ocrx_word' id='word_1_233' title='bbox 192 3045 284 3106; x_wconf 90' lang='lat' dir='ltr'>omni</span> <span class='ocrx_word' id='word_1_234' title='bbox 324 3063 438 3123; x_wconf 88' lang='lat' dir='ltr'>genere</span> <span class='ocrx_word' id='word_1_235' title='bbox 477 3043 698 3104; x_wconf 87' lang='lat' dir='ltr'>calamitatum</span> <span class='ocrx_word' id='word_1_236' title='bbox 733 3059 787 3102; x_wconf 82' lang='grc'>666</span> <span class='ocrx_word' id='word_1_237' title='bbox 821 3039 982 3115; x_wconf 84' lang='lat' dir='ltr'>cohercet,</span> <span class='ocrx_word' id='word_1_238' title='bbox 1026 3059 1068 3100; x_wconf 92' lang='lat' dir='ltr'>ne</span> 
     </span>
    </p>
   </div>
   <div class='ocr_carea' id='block_1_10' title="bbox 14 3127 1070 3656">
    <p class='ocr_par' dir='ltr' id='par_1_11' title="bbox 14 3122 1070 3656">
     <span class='ocr_line' id='line_1_32' title="bbox 125 3127 1066 3214; baseline -0.007 -18.739"><span class='ocrx_word' id='word_1_239' title='bbox 125 3132 254 3214; x_wconf 85' lang='lat' dir='ltr'>possint</span> <span class='ocrx_word' id='word_1_240' title='bbox 267 3132 330 3194; x_wconf 86' lang='lat' dir='ltr'>hoc</span> <span class='ocrx_word' id='word_1_241' title='bbox 344 3133 502 3213; x_wconf 88' lang='lat' dir='ltr'>perficere,</span> <span class='ocrx_word' id='word_1_242' title='bbox 520 3130 607 3211; x_wconf 86' lang='lat' dir='ltr'>quod</span> <span class='ocrx_word' id='word_1_243' title='bbox 622 3134 713 3193; x_wconf 88' lang='lat' dir='ltr'>tanto</span> <span class='ocrx_word' id='word_1_244' title='bbox 729 3127 836 3190; x_wconf 90' lang='lat' dir='ltr'>studio</span> <span class='ocrx_word' id='word_1_245' title='bbox 847 3127 1066 3191; x_wconf 87' lang='lat' dir='ltr'>instituerunt.</span> 
     </span>
     <span class='ocr_line' id='line_1_33' title="bbox 14 3215 1068 3300; baseline -0.007 -15"><span class='ocrx_word' id='word_1_246' title='bbox 14 3241 16 3252; x_wconf 69' lang='lat'><strong>¹</strong></span> <span class='ocrx_word' id='word_1_247' title='bbox 204 3222 267 3283; x_wconf 82' lang='lat' dir='ltr'>¹Ita</span> <span class='ocrx_word' id='word_1_248' title='bbox 307 3241 434 3300; x_wconf 91' lang='lat' dir='ltr'>quoque</span> <span class='ocrx_word' id='word_1_249' title='bbox 469 3219 724 3282; x_wconf 87' lang='lat' dir='ltr'>consideratione</span> <span class='ocrx_word' id='word_1_250' title='bbox 765 3217 888 3298; x_wconf 88' lang='lat' dir='ltr'>peccati</span> <span class='ocrx_word' id='word_1_251' title='bbox 923 3215 1068 3278; x_wconf 86' lang='lat' dir='ltr'>excusari</span> 
     </span>
     <span class='ocr_line' id='line_1_34' title="bbox 126 3305 1068 3392; baseline -0.006 -20"><span class='ocrx_word' id='word_1_252' title='bbox 126 3311 286 3392; x_wconf 85' lang='lat' dir='ltr'>propheta</span> <span class='ocrx_word' id='word_1_253' title='bbox 308 3314 428 3390; x_wconf 86' lang='lat' dir='ltr'>potest,</span> <span class='ocrx_word' id='word_1_254' title='bbox 454 3309 506 3371; x_wconf 88' lang='lat' dir='ltr'>oui</span> <span class='ocrx_word' id='word_1_255' title='bbox 528 3308 616 3388; x_wconf 88' lang='lat' dir='ltr'>prior</span> <span class='ocrx_word' id='word_1_256' title='bbox 636 3313 686 3369; x_wconf 87' lang='lat' dir='ltr'>est</span> <span class='ocrx_word' id='word_1_257' title='bbox 708 3325 784 3368; x_wconf 87' lang='lat' dir='ltr'>eura</span> <span class='ocrx_word' id='word_1_258' title='bbox 807 3305 1068 3369; x_wconf 86' lang='lat' dir='ltr'>sanctificationis</span> 
     </span>
     <span class='ocr_line' id='line_1_35' title="bbox 158 3393 1068 3477; baseline -0.008 -16"><span class='ocrx_word' id='word_1_259' title='bbox 158 3400 268 3462; x_wconf 65' lang='lat' dir='ltr'>aminis</span> <span class='ocrx_word' id='word_1_260' title='bbox 291 3399 353 3474; x_wconf 91' lang='lat' dir='ltr'>dei,</span> <span class='ocrx_word' id='word_1_261' title='bbox 377 3419 476 3477; x_wconf 90' lang='lat' dir='ltr'>quam</span> <span class='ocrx_word' id='word_1_262' title='bbox 498 3397 610 3460; x_wconf 87' lang='lat' dir='ltr'>salutis</span> <span class='ocrx_word' id='word_1_263' title='bbox 633 3397 684 3458; x_wconf 88' lang='lat' dir='ltr'>sui</span> <span class='ocrx_word' id='word_1_264' title='bbox 706 3395 827 3476; x_wconf 89' lang='lat' dir='ltr'>populi.</span> <span class='ocrx_word' id='word_1_265' title='bbox 873 3395 979 3457; x_wconf 89' lang='lat' dir='ltr'>Vellet</span> <span class='ocrx_word' id='word_1_266' title='bbox 1001 3393 1068 3472; x_wconf 91' lang='lat' dir='ltr'>qui-</span> 
     </span>
     <span class='ocr_line' id='line_1_36' title="bbox 154 3482 1070 3568; baseline -0.009 -17"><span class='ocrx_word' id='word_1_267' title='bbox 154 3510 202 3551; x_wconf 82' lang='lat' dir='ltr'>am</span> <span class='ocrx_word' id='word_1_268' title='bbox 233 3487 359 3551; x_wconf 80' lang='lat' dir='ltr'>salvum</span> <span class='ocrx_word' id='word_1_269' title='bbox 386 3487 559 3568; x_wconf 90' lang='lat' dir='ltr'>populum,</span> <span class='ocrx_word' id='word_1_270' title='bbox 593 3485 649 3548; x_wconf 83' lang='lat' dir='ltr'>aed</span> <span class='ocrx_word' id='word_1_271' title='bbox 680 3504 754 3546; x_wconf 91' lang='lat' dir='ltr'>cum</span> <span class='ocrx_word' id='word_1_272' title='bbox 782 3485 844 3546; x_wconf 89' lang='lat' dir='ltr'>hoc</span> <span class='ocrx_word' id='word_1_273' title='bbox 873 3503 939 3545; x_wconf 91' lang='lat' dir='ltr'>non</span> <span class='ocrx_word' id='word_1_274' title='bbox 966 3482 1070 3563; x_wconf 85' lang='lat' dir='ltr'>possit</span> 
     </span>
     <span class='ocr_line' id='line_1_37' title="bbox 142 3571 1067 3656; baseline -0.002 -21"><span class='ocrx_word' id='word_1_275' title='bbox 142 3579 212 3654; x_wconf 55' lang='lat' dir='ltr'>bri,</span> <span class='ocrx_word' id='word_1_276' title='bbox 242 3577 307 3638; x_wconf 91' lang='lat' dir='ltr'>nisi</span> <span class='ocrx_word' id='word_1_277' title='bbox 330 3596 402 3638; x_wconf 90' lang='lat' dir='ltr'>cum</span> <span class='ocrx_word' id='word_1_278' title='bbox 430 3581 585 3656; x_wconf 86' lang='lat' dir='ltr'>perpetua</span> <span class='ocrx_word' id='word_1_279' title='bbox 607 3574 749 3636; x_wconf 89' lang='lat' dir='ltr'>nominis</span> <span class='ocrx_word' id='word_1_280' title='bbox 779 3573 833 3634; x_wconf 90' lang='lat' dir='ltr'>dei</span> <span class='ocrx_word' id='word_1_281' title='bbox 854 3571 1067 3653; x_wconf 90' lang='lat' dir='ltr'>blasphemia,</span> 
     </span>
    </p>
   </div>
   <div class='ocr_carea' id='block_1_11' title="bbox 216 3766 899 3907">
    <p class='ocr_par' dir='ltr' id='par_1_12' title="bbox 216 3766 899 3907">
     <span class='ocr_line' id='line_1_38' title="bbox 216 3766 703 3838; baseline -0.008 -16"><span class='ocrx_word' id='word_1_282' title='bbox 216 3770 244 3838; x_wconf 86' lang='lat'>1)</span> <span class='ocrx_word' id='word_1_283' title='bbox 262 3770 319 3822; x_wconf 91' lang='lat' dir='ltr'>Pro</span> <span class='ocrx_word' id='word_1_284' title='bbox 336 3768 460 3836; x_wconf 85' lang='lat' dir='ltr'>papistia</span> <span class='ocrx_word' id='word_1_285' title='bbox 478 3784 537 3822; x_wconf 92' lang='lat' dir='ltr'>non</span> <span class='ocrx_word' id='word_1_286' title='bbox 555 3766 703 3821; x_wconf 87' lang='lat' dir='ltr'>orandum.</span> 
     </span>
     <span class='ocr_line' id='line_1_39' title="bbox 849 3853 899 3907; baseline 0.02 -1"><span class='ocrx_word' id='word_1_287' title='bbox 849 3853 899 3907; x_wconf 72' lang='lat'>25⁸</span> 
     </span>
    </p>
   </div>
   <div class='ocr_carea' id='block_1_12' title="bbox 0 0 1294 4225">
    <p class='ocr_par' dir='ltr' id='par_1_13' title="bbox 0 0 1294 4225">
     <span class='ocr_line' id='line_1_40' title="bbox 0 0 1294 4225; baseline 0 0"><span class='ocrx_word' id='word_1_288' title='bbox 0 0 1294 4225; x_wconf 95' lang='lat' dir='ltr'> </span> 
     </span>
    </p>
   </div>
  </div>
 </body>
</html>
