2575 4225
198 251 275 321 ,420
507 250 614 334 Caput
634 250 846 315 undecimum

209 422 299 543 Hoc
320 430 476 495 nimirum
497 430 660 512 premium
682 432 740 506 est,
768 426 857 509 quod
879 432 948 491 tam
970 398 1156 493 beneficum

283 520 382 584 deum
408 520 635 601 neglexerunt,
672 524 706 583 et
732 518 916 581 maluerunt
943 517 1155 599 cogitationes

210 630 286 675 auae
309 614 342 672 et
363 607 480 685 studia,
504 627 604 688 quam
626 607 681 671 dei
696 607 831 681 verbum
854 604 955 686 sequi.
1002 606 1157 688 Assyrius

210 697 299 763 enim
321 716 457 779 regnum
479 696 578 760 Israel
599 696 731 779 penitus
753 695 900 760 vastavit.

300 787 385 851 Nota
407 786 601 849 sententiam
625 786 680 862 ,Ki
695 804 815 849 meanu
829 784 975 848 1111111111ι
999 782 1158 865 quoniam

212 876 387 940 noluerunt
408 874 559 951 converti,
585 876 649 939 hoe
671 880 729 951 est,
753 874 909 954 quoniam
931 893 999 937 non
1021 880 1160 955 egerunt

212 964 461 1049 poenitentiam,
493 970 526 1027 et
552 962 711 1027 admoniti
731 962 842 1039 verbo,
874 982 942 1025 non
970 962 1161 1027 abiecerunt

212 1053 405 1130 idolatriam,
427 1072 507 1116 nam
529 1052 777 1135 impoenitentes
801 1050 870 1115 odit
891 1050 972 1114 deus
995 1056 1029 1115 et
1051 1051 1158 1134 punit,

214 1142 456 1227 poenitentibus
479 1147 588 1205 autem
611 1140 669 1205 dat
691 1140 836 1223 gratiam.

259 1319 449 1431 Populus
477 1336 583 1383 meus
610 1317 784 1391 dubitat,
815 1336 865 1381 an
893 1316 995 1381 velit
1027 1314 1162 1381 redire

320 1408 367 1471 ad
389 1426 463 1485 me,
494 1427 580 1471 eum
601 1412 792 1472 vocarent
813 1426 901 1469 eum
923 1406 1161 1488 prophetae,

221 1573 223 1576 ¹
261 1497 307 1560 ad
342 1495 601 1572 altissimum,
640 1516 691 1560 ne
724 1515 827 1559 unus
862 1493 1027 1577 quidem
1057 1500 1160 1571 erat,

261 1585 329 1667 qui
352 1605 391 1648 ae
414 1583 601 1665 erigeret.

217 1744 433 1857 Vocabulum
454 1742 617 1820 ,Thiluim‘
642 1745 804 1847 significat
826 1762 1009 1846 suspenaoe,
1033 1743 1170 1820 dubioa,
1274 1786 1276 1799 ,

280 1834 386 1915 ¹voluit
408 1839 517 1897 autem
538 1834 699 1915 propheta
726 1851 889 1913 anargnem
911 1832 1001 1896 verba
1022 1838 1165 1897 oontem-

219 1929 314 2008 ptum
340 1925 403 1986 hoo
429 1922 527 1985 modo
556 1921 739 1998 ostendere,
775 1922 869 2002 quasi
891 1921 990 1985 dieat:
1027 1920 1165 1985 Convin-
1273 1932 1276 2003 ξ

219 2018 337 2077 cuntur
364 2012 406 2075 de
426 2010 576 2074 idolatria
598 2031 658 2093 per
679 2010 867 2093 prophetae,
898 2010 955 2091 qui
977 2017 1168 2092 proponunt

220 2103 267 2166 eis
289 2102 423 2166 uerbum
445 2121 570 2177 meum,
595 2105 628 2162 et
650 2121 741 2164 veros
764 2100 869 2164 cultus
891 2097 1083 2179 ostendunt,
1109 2100 1168 2162 aed

221 2191 367 2254 videntes
387 2189 534 2266 seientes,
557 2195 698 2271 pergunt
719 2189 756 2252 in
770 2189 928 2264 idolatria,
952 2193 1168 2252 contemnunt

221 2278 413 2343 mandatum
442 2298 568 2354 meum,
604 2298 642 2341 ae
672 2298 760 2341 more
787 2277 955 2341 rebellium
988 2295 1167 2353 servomm,
1270 2287 1277 2364 ³,

220 2369 301 2432 iuaei
329 2367 452 2448 aliquid
479 2366 647 2443 dubitant,
676 2387 719 2429 an
746 2367 781 2429 id
809 2367 909 2436 velint
940 2367 1067 2447 exequi.
1115 2366 1169 2429 Sic
1275 2375 1277 2386 ’

222 2459 311 2521 enim
333 2457 403 2538 ipse
425 2457 584 2538 propheta
606 2475 641 2518 se
664 2456 815 2537 exponit,
843 2475 918 2518 oum
940 2454 1034 2531 dicit,
1059 2456 1169 2518 vocari

223 2566 277 2611 eos
300 2545 341 2608 ad
365 2546 569 2608 altissimum.
615 2544 679 2607 Sed
702 2546 805 2627 ipsos,
831 2563 868 2607 ao
891 2543 918 2608 si
941 2563 1008 2607 non
1031 2543 1170 2607 audiant

223 2640 257 2698 et
286 2633 377 2695 surdi
399 2634 483 2708 sint,
522 2633 627 2696 ociose
657 2633 782 2710 sedere,
822 2652 890 2696 non
918 2651 1064 2712 surgere,
1100 2653 1169 2696 non

224 2719 316 2801 aequi
339 2721 484 2782 voeantie
506 2740 627 2783 vocem,

268 2878 478 2997 Quomodo
512 2880 616 2944 dabo
654 2886 691 2942 te
725 2881 935 2962 Ephraim?
994 2881 1095 2943 Num
1129 2886 1169 2943 te

329 2969 706 3050 protegamIsrael?
742 2969 847 3042 Quin
862 2970 961 3034 dabo
984 2974 1034 3046 te,
1059 2969 1171 3032 sieut
1276 3027 1277 3051 ,

269 3057 427 3134 Adam,
453 3064 492 3121 et
513 3078 657 3140 ponam
680 3064 718 3121 te
742 3059 845 3122 sieut
866 3058 1036 3121 Zeboim.

226 3215 323 3328 Nota
338 3225 388 3282 est
407 3217 551 3294 historia,
574 3216 737 3320 quomodo
754 3213 908 3320 ciuitates',
933 3215 1082 3319 Sodoma,
1107 3216 1168 3318 βο·
1275 3189 1277 3234 ³

293 3327 408 3384 morra,
432 3307 531 3369 Gene.
550 3301 620 3371 19.1
648 3327 717 3386 rgm
736 3307 851 3370 eohtus
866 3305 1007 3394 damaso
1023 3305 1168 3387 perd1tae
1276 3317 1277 3348 ³

227 3396 302 3460 sint.
339 3398 388 3460 Ao
409 3395 552 3458 minatur
574 3394 726 3480 dominus
750 3395 889 3458 similem
905 3409 1045 3478 poenam
1068 3401 1144 3458 tran
1275 3391 1277 3414 ⁸

317 3571 345 3639 1)
365 3572 452 3626 Gerre.
473 3569 531 3623 19!

317 3727 344 3795 ⁸)
363 3727 399 3781 In
417 3727 478 3784 coll.
498 3729 602 3784 Vuitt.:
621 3729 693 3784 Gen.
713 3727 748 3784 29
768 3728 845 3797 (aiot)
912 3765 914 3768 -
