2575 4225
448 248 574 312 Hoseae
597 249 781 331 prophetae.
1019 246 1082 311 311

141 426 324 509 profundae
352 431 442 502 sunt,
472 426 534 489 hoc
561 433 625 503 est,
656 426 783 501 firmae,
815 444 897 505 quae
926 431 1083 505 tanquam

14 551 15 560 ι
142 514 327 578 aedificium
349 514 606 578 benefundatum
629 534 695 577 non
719 519 855 595 possunt
877 514 984 577 everti.
1032 514 1084 577 Ad

14 625 15 656 ι
142 606 230 667 1ιιιιιο
253 603 388 668 modum
411 604 464 665 hic
488 623 616 685 quoque
639 604 851 686 accipiamus,
882 603 969 683 quod
992 603 1080 679 dicit,

142 693 322 774 profundas
350 693 452 756 factas
482 693 708 769 mactationes,
739 692 878 755 hoct
829 697 892 769 est,
929 690 1083 755 sacrificia

143 782 189 845 ita
211 783 332 864 populo
355 782 594 859 commendata,
618 782 665 845 ita
687 781 827 857 firmata,
858 786 896 843 ut
918 800 959 843 ex
981 781 1082 843 homi

142 891 223 933 num
246 869 365 934 animis
387 891 425 933 ea
448 871 559 952 opinio
587 891 655 933 non
685 874 793 951 posset
823 869 933 932 eximi.
979 870 1026 931 Ac
1056 869 1084 932 si

116 1038 123 1045 ἡ
142 980 202 1023 nce
225 959 414 1036 diceremus,
439 961 505 1023 cult
491 966 563 1023 tum
577 960 751 1022 missarum
765 958 800 1020 in
816 963 942 1039 papatu
953 958 1082 1040 prosun-

143 1048 225 1111 dum
254 1049 319 1113 fact
305 1056 391 1125 tum,
426 1049 488 1111 hoc
522 1054 586 1125 est,
623 1048 677 1111 alt
654 1048 778 1111 tissime
813 1048 915 1127 egisse
949 1046 1081 1122 radices,

141 1137 222 1201 adeo
251 1143 289 1201 ut
316 1138 404 1200 nulla
430 1139 576 1201 humana
602 1138 636 1201 vi
663 1157 704 1199 ex
730 1136 903 1199 hominum
932 1135 1082 1198 cordibus

142 1227 283 1305 potuerit
296 1227 352 1289 illa
365 1227 485 1290 fiducia
499 1227 601 1303 evelli,
618 1232 651 1289 et
666 1232 776 1289 tamen
791 1224 887 1289 verbo
903 1224 1012 1288 evulsa
1024 1231 1081 1289 est.

232 1317 292 1379 Est
314 1321 423 1379 autem
453 1316 580 1396 egregia
608 1315 766 1397 tapinosis
795 1314 830 1375 in
858 1313 954 1377 verbo
979 1312 1082 1388 ,Scha-

142 1404 226 1467 chat‘
252 1404 340 1485 quod
363 1403 486 1468 cultum
509 1404 572 1481 dei,
597 1423 695 1485 quem
717 1403 816 1466 Israel
839 1402 1006 1477 retinebat,
1031 1422 1081 1466 vo·

13 1527 15 1582 ι
142 1500 193 1557 cat
215 1495 459 1570 mactationem,
491 1492 584 1575 quasi
607 1493 740 1557 diceret:
776 1490 923 1554 Profecto
945 1490 1082 1571 insignis

13 1584 14 1623 ³
139 1583 257 1646 cultus.
305 1582 392 1656 Quid
414 1583 503 1645 enim
525 1582 614 1645 aliud
636 1582 753 1658 facitis,
778 1600 877 1661 quam
900 1580 987 1661 quod
1002 1580 1082 1642 lanii

142 1671 247 1734 solent
268 1671 434 1751 quotidie?
471 1665 550 1735 Hoc'
565 1672 662 1735 modo
685 1690 752 1733 non
775 1670 889 1734 colitur
912 1668 1000 1745 deus,
1026 1669 1082 1731 sed

141 1765 311 1841 peccatum
345 1758 559 1841 iugulandum
593 1766 627 1823 et
660 1758 853 1841 cupiditates
887 1757 1082 1821 fraenandae

141 1854 242 1913 erant.
219 1849 368 1913 tHoc
402 1848 557 1912 sacrificio
591 1848 671 1911 deus
706 1847 793 1928 capit
793 1866 846 1923 ur,
886 1845 914 1909 si
952 1845 1082 1908 accedat

139 1937 319 2001 fiduciam
341 1938 536 2019 promissum
559 1956 683 2012 semen,
713 1955 801 1998 nunc
824 1954 898 1998 eum
922 1933 1082 2014 quidquid

140 2026 235 2103 libet,
206 2027 358 2090 tetiam
380 2027 476 2090 licere
498 2026 589 2089 vobis
612 2031 672 2106 put
658 2023 749 2101 tetis,
778 2024 814 2093 in
837 2044 874 2087 eo
898 2022 1082 2103 gloriamini

141 2117 330 2198 tanquam
321 2139 356 2180 ιιι
380 2135 507 2180 summo
531 2116 635 2191 cultu,
666 2113 754 2194 quod
777 2115 924 2178 mactatis
951 2104 1080 2177 bestias

231 2205 363 2269 Dictum
393 2211 503 2269 autem
530 2203 701 2284 aliquoties
736 2209 800 2280 est,
837 2223 893 2266 cur
928 2202 1082 2266 sacrificia

140 2292 260 2358 divinit
246 2301 299 2358 tus
328 2293 482 2356 mandata
508 2293 746 2374 reprehendant
779 2292 963 2374 prophetae.
1010 2291 1083 2354 Non

142 2383 248 2445 solum
271 2382 359 2444 enim
381 2381 558 2464 peccabant
572 2382 745 2457 Israelitae,
770 2380 857 2460 qued
876 2381 912 2442 in
926 2382 996 2442 loco
1011 2400 1080 2460 pro·

139 2472 247 2547 hibitc
281 2465 531 2534 sacrificabant¹
581 2470 644 2532 Sed
679 2470 777 2532 etiam
815 2488 890 2531 vera
928 2467 1082 2531 sacrificia

140 2565 213 2621 tum
236 2559 356 2623 viciose
378 2565 478 2637 erant,
503 2559 632 2640 quando
657 2559 835 2621 addebatur
857 2556 899 2620 ad
919 2576 958 2619 ea
972 2556 1082 2637 opinio

139 2647 297 2712 iusticiae.
344 2650 417 2711 Non
439 2649 528 2712 enim
550 2647 680 2711 iusticia
702 2652 751 2709 est
772 2653 919 2710 nostrum
950 2645 1082 2727 aliquod

138 2758 232 2819 opus,
258 2737 316 2800 sed
338 2737 531 2800 sacrificium
545 2737 605 2799 filii
620 2735 682 2798 dei.
729 2736 800 2798 Hoc
817 2735 1010 2799 sacrificium
1026 2736 1083 2815 qui

139 2826 347 2903 abiiciebant,
370 2828 432 2889 hoe
455 2831 517 2903 est,
542 2826 600 2906 qui
621 2825 808 2888 nitebantur
831 2825 897 2888 suis
920 2824 1082 2888 sacrificiis

139 2923 173 2978 et
202 2916 369 2997 operibus,
400 2915 460 2978 hos
490 2915 648 2995 scriptura
674 2913 796 2992 ubique
830 2913 978 2988 damnat,
1015 2918 1082 2975 tan-

139 3024 241 3083 quam
264 3005 433 3084 sacrilegos
456 3009 489 3066 et
511 3003 671 3067 idolatras.
711 3002 785 3064 Non
807 3001 894 3063 enim
905 2999 970 3063 hoe
985 2999 1082 3063 modo

140 3093 221 3156 deus
249 3094 320 3156 vult
348 3093 423 3169 ccli,
459 3093 520 3156 etsi
548 3093 612 3156 hoe
641 3090 778 3156 veluerit
804 3089 840 3151 in
869 3108 927 3151 suo
962 3089 1082 3171 populo

136 3181 344 3249 dredientiae
372 3181 560 3245 exercitium
590 3201 674 3256 esse,
705 3180 775 3243 vult
802 3178 991 3242 rationalem
1019 3179 1081 3240 cul·

140 3275 222 3347 tum,
246 3271 331 3333 sicut
350 3271 468 3334 Paulus
492 3270 641 3352 appellat,
666 3269 727 3331 hoc
751 3273 807 3344 est,
831 3268 909 3343 vult,
934 3272 972 3329 ut
987 3265 1083 3330 eorda

146 3357 182 3420 le
205 3359 267 3422 dec
289 3365 373 3424 recte
397 3359 547 3434 sentiant,
570 3364 609 3422 ut
630 3357 813 3437 agnoscant
830 3376 922 3419 suam
945 3354 1082 3434 indigni-

150 3453 255 3524 atem,
292 3454 325 3511 et
351 3448 497 3511 nitantur
526 3445 747 3509 misericordia
779 3445 847 3521 dei,
884 3449 1013 3507 ostensa
1047 3442 1083 3505 in

154 3535 207 3598 ilio
241 3557 309 3599 suo.
361 3537 426 3600 Hic
456 3537 561 3599 cultus
587 3534 647 3636 ubi
674 3537 866 3616 praestatur,
895 3532 943 3594 ibi
971 3538 1083 3614 postea
1156 3565 1157 3568 ι
1215 3543 1216 3548 ’

232 3729 258 3800 1)
278 3729 422 3785 Sacrificio
440 3728 612 3784 Iudaeorum
629 3741 695 3782 cum
713 3723 803 3793 impia
821 3724 965 3792 opinione.
