2575 4225
177 222 244 287 248
497 222 602 304 Caput
624 220 803 285 seeundum

104 460 112 476 ,
267 399 358 465 Haeo
379 399 534 463 nonanta
555 398 598 463 ad
620 397 787 461 eeclesiam
809 396 906 479 plena
927 414 1019 460 verae
1045 414 1126 461 oon*

178 488 353 553 solutionis,
372 494 461 563 sunt,
497 506 575 552 nam
603 492 642 549 ut
668 486 787 549 Paulus
815 486 877 562 ait,
912 486 1053 549 nutritio
1076 493 1130 576 ¹et·

178 578 305 641 fovetur
327 576 460 640 ecelesia
482 596 503 638 a
523 575 640 639 marito
664 575 799 652 Christo,
824 574 986 655 siquidem
1008 575 1126 638 omnia

179 685 238 731 sua
260 665 346 728 dona
368 670 401 729 et
423 684 500 747 opes
521 665 559 726 in
574 684 647 731 eam
662 664 795 741 confert,
820 664 904 727 siout
916 664 1005 727 loeus
1019 682 1130 745 supra·
1246 684 1250 691 ·

177 774 219 817 ex
242 752 408 817 Ezechiele
431 752 547 817 citatus
571 750 713 817 ostendit
735 752 839 834 capite
865 746 953 817 16.¹.

271 836 388 905 'Hunc
414 841 568 906 maritum
594 842 693 922 igitur
716 842 773 922 qui
801 841 983 922 negligunt,
1014 846 1046 904 et
1073 860 1128 927 se.-

178 938 323 1013 quuntur
344 927 466 996 alienos
489 936 663 1007 amatores,
690 929 752 996 hoo
775 935 832 1007 est,
863 930 921 1013 qui
948 926 1130 993 discedunt-

178 1041 199 1083 a
219 1020 317 1085 verbo
346 1025 380 1085 et
407 1039 427 1084 a
451 1018 584 1096 fiducia,
615 1038 699 1099 quae
730 1024 779 1083 est
804 1019 841 1081 in
867 1014 1123 1082 misericordiam

178 1109 232 1173 dei
253 1128 313 1191 per
331 1107 505 1185 Christum,
529 1116 562 1173 et
584 1113 740 1190 sequntur
763 1126 822 1171 sua
844 1106 960 1183 studia,
984 1107 1042 1189 qui
1064 1126 1121 1169 no·

177 1218 235 1262 uos
258 1199 364 1264 cultus
386 1197 450 1261 sibi
472 1197 542 1261 sine
565 1198 662 1261 verbo
685 1196 829 1277 fingunt,
858 1196 895 1259 hi
917 1194 1050 1275 quidem
1072 1195 1124 1258 in·
1155 1208 1174 1228 ·

178 1286 313 1351 veniunt
335 1306 417 1367 quos
439 1290 558 1363 ament,
582 1285 640 1350 sed
663 1306 729 1348 non
751 1283 967 1361 radamantus,
995 1284 1080 1366 siout
1101 1303 1130 1345 a.

178 1376 304 1439 marito.
349 1374 423 1438 Non
438 1374 526 1437 enim
541 1374 705 1450 maritum,
730 1372 787 1437 sed
801 1373 972 1437 dominum
982 1372 1121 1461 habent,

178 1464 236 1543 qui
265 1463 410 1545 ipsorum
439 1462 554 1527 studiis
582 1462 726 1527 abutitur
753 1482 812 1543 pro
846 1481 904 1527 suo
939 1459 1121 1539 commodo,
1179 1526 1183 1531 ,

179 1551 259 1615 dum
281 1552 371 1615 libet.
417 1552 615 1633 Exemplum
637 1571 703 1616 non
725 1570 855 1614 neeesse
878 1556 942 1626 est,
973 1555 1011 1613 ut
1033 1555 1122 1632 peta·

178 1660 253 1705 mus
274 1640 412 1722 longius.

268 1728 411 1794 Mundus
434 1730 494 1793 sub
514 1734 636 1812 papatu
660 1746 733 1791 suas
749 1728 894 1792 fortunas
909 1744 992 1809 pene
1008 1746 1129 1791 omnes

178 1819 215 1883 in
244 1818 428 1897 idolatriam
456 1818 625 1900 impendit.
672 1818 738 1880 Neo
766 1817 854 1881 ullus
879 1834 1026 1896 unquam
1052 1816 1124 1879 tam

178 1913 294 1989 potens
316 1907 380 1971 fuit
401 1908 591 1988 imperator,
619 1905 677 1986 qui
698 1904 860 1987 pontificis
883 1924 961 1986 opes
983 1924 1128 1985 aequare

178 2002 297 2078 posset.
342 1995 434 2061 Haec
456 1995 520 2059 fuit
541 1995 597 2057 illa
619 1993 723 2077 turpis
747 1993 915 2057 fornicatio
931 1999 964 2057 et
982 1993 1128 2061 desertio

178 2085 296 2163 mariti,
321 2086 378 2166 qni
400 2102 516 2168 eorpus
538 2090 571 2148 et
593 2084 785 2164 sanguinem
808 2100 904 2146 suum
926 2082 962 2145 in
984 2100 1045 2147 nos
1063 2081 1127 2145 im·

180 2174 303 2256 pendit.
330 2173 412 2240 ,Sed
439 2173 538 2236 huius
564 2172 743 2254 impietatis
771 2171 858 2253 quod
886 2171 1019 2234 tandem
1052 2189 1127 2254 pre—

180 2262 285 2326 mium
307 2261 382 2325 tulit
403 2261 572 2324 mundus?
601 2261 716 2324 Nonne
740 2260 911 2327 dominum
926 2266 959 2323 et
973 2279 1040 2324 non
1054 2279 1126 2323 ma·

180 2351 280 2416 ritum
307 2349 451 2414 amavit?
497 2348 574 2414 nuit
602 2349 692 2413 enim
723 2369 798 2414 oum
823 2349 892 2414 ‘hoo
926 2348 998 2432 ipso
1032 2349 1126 2412 oultu

180 2441 370 2505 coniunctus
386 2440 495 2503 ¹timor
521 2435 558 2502 et‘
584 2437 781 2520 desperatio,
812 2457 875 2500 neo
902 2438 1025 2522 profuit
1048 2443 1130 2519 post

180 2530 326 2593 fortunas
353 2529 452 2592 etiam
479 2528 580 2592 vitam
608 2527 644 2590 in
677 2527 737 2590 hos
771 2527 876 2591 cultus
909 2525 1126 2607 impendisse,

180 2635 258 2680 nam
292 2617 505 2680 eonscientiae
539 2637 606 2682 non
639 2620 814 2698 potuerunt
847 2615 1047 2699 acquiescere
1085 2615 1126 2678 in'

179 2704 407 2768 traditionibus
429 2710 463 2770 et
483 2704 634 2786 operibus
657 2704 837 2769 hominum.

180 2874 358 2994 Suntentia
382 2881 483 2965 igitur
511 2880 687 2964 prophetas
718 2887 782 2946 est:
817 2881 1001 2964 synagoga,
1037 2881 1128 2945 sicut

234 2971 338 3053 turpis
361 2970 514 3057 adultera,
539 2973 648 3034 secuta
670 2976 720 3034 est
741 2968 875 3046 Baalim,
904 2969 1022 3051 quibus
1045 2989 1126 3038 eum

180 3078 310 3142 corpore
323 3066 373 3123 *et
399 3053 539 3123 fortunis
568 3058 713 3136 serviret,
747 3065 858 3122 tamen
891 3063 981 3124 metit
1015 3075 1127 3123 carere

179 3169 246 3213 non
269 3147 385 3232 potuit.
432 3147 494 3212 Sed
517 3148 657 3230 populus
681 3147 757 3214 novi
779 3147 965 3211 testamenti
988 3152 1020 3211 et
1046 3165 1128 3211 vera

180 3236 327 3314 eeclesia,
356 3255 410 3299 me
433 3236 517 3301 siout
537 3236 693 3300 maritum
716 3241 804 3300 casta
826 3256 907 3299 uxor
929 3235 1024 3299 unios
1048 3234 1126 3298 ada—

178 3326 295 3403 mabit,
323 3330 357 3389 et
385 3344 477 3407 spem
503 3345 634 3389 omnem
664 3325 700 3388 in
730 3346 782 3389 me
810 3325 956 3388 habebit
970 3322 1127 3406 positam,

179 3434 246 3477 non
268 3413 445 3497 appellabit
465 3432 519 3478 me
541 3412 722 3491 dominum,
746 3413 830 3477 sicut
852 3411 1013 3490 adultera,
1037 3431 1128 3494 quae

180 3503 323 3584 quotidie
346 3502 470 3585 cogitur
492 3506 635 3567 metuere
658 3522 699 3565 ne
722 3501 763 3565 ab
787 3499 930 3565 adultero
946 3501 1127 3580 deseratur,

270 3693 298 3763 1)
316 3695 417 3751 nmen
437 3695 480 3751 ro.
516 3695 546 3764 2)
564 3697 654 3750 Amor
670 3694 764 3765 urps
783 3663 813 3752 ‘a
830 3691 1009 3751 romanus.
