2575 4225
182 207 248 268 262
284 208 291 219 ’
334 226 339 231 ·
495 204 600 285 Caput
622 204 803 266 secundum

186 378 438 491 ¹Psoponamus
453 386 562 443 autem
585 380 679 443 nobis
701 398 829 461 quoque
851 378 1041 441 huiusmodi
1053 398 1122 450 ora·

264 470 344 545 cula,
368 474 401 531 et
416 468 628 532 accendamus
649 488 760 532 eorum
775 466 983 530 meditatione
994 466 1122 531 animos

181 563 316 635 nostros,
340 558 435 621 utin
456 558 555 621 tantis
578 557 737 639 periculis,
762 576 844 637 quae
866 555 1011 637 undique
1034 576 1123 619 nuno

180 647 348 710 ecclesiam
379 652 545 727 premunt,
587 666 662 711 cum
679 721 682 725 Ι
698 651 784 719 certa
811 644 930 707 fiducia
960 646 1122 726 possimus

181 736 352 817 implorare
367 735 534 811 auxilium,
559 740 628 797 tam
650 740 735 798 certo
754 734 950 815 promissum
972 754 1029 815 per
1051 730 1121 814 pro-

181 824 311 906 phetas,
343 844 379 887 00
402 829 581 887 statuamus
604 824 722 887 nostris
752 822 951 896 orationibus
977 842 1123 886 cessuras

181 932 294 977 omnes
309 918 478 988 creaturae,
501 912 601 975 etiam
621 914 734 993 ipsum
748 912 910 989 Satanam,
934 912 992 991 qui
1011 917 1124 979 tamen

180 1008 322 1065 extreme
345 1022 403 1065 nos
426 1001 504 1078 odit,
528 1001 717 1082 praesertim
739 1020 816 1063 cum
836 1000 879 1061 ad
893 1000 1123 1081 promissiones

180 1097 249 1154 tam
278 1090 457 1153 luculentas
486 1090 585 1153 etiam
612 1090 722 1171 ipsum
751 1088 943 1151 mandatum
973 1087 1124 1152 additum

180 1179 239 1256 sit,
271 1199 336 1260 quo
359 1179 508 1241 iubemur
537 1198 635 1242 orare.
682 1178 755 1241 Non
783 1178 882 1257 igitur
914 1182 1023 1241 nostra
1051 1196 1123 1257 pee-

180 1275 267 1344 cata,
296 1288 362 1331 non
385 1268 522 1329 aliorum
550 1273 681 1349 peccata
703 1286 762 1329 nos
792 1266 833 1329 ab
856 1266 1000 1329 oratione
1022 1265 1124 1327 deter-

180 1363 281 1420 reant.
339 1356 443 1419 Pluris
483 1356 571 1419 enim
609 1355 793 1419 aestimabit
834 1354 914 1417 deus
954 1354 1124 1418 veritatem

181 1464 285 1521 suam,
310 1450 342 1507 et
356 1450 497 1525 paetum,
523 1445 612 1525 quod
633 1460 691 1527 per
713 1444 818 1506 filium
833 1463 930 1507 suum
951 1442 1125 1508 nobiscum

181 1532 265 1610 iniit,
290 1551 389 1611 quam
411 1540 520 1597 nostra
543 1540 576 1596 et
598 1533 735 1596 aliorum
757 1538 898 1615 peecata.
924 1602 926 1605 ,

276 1616 489 1703 ²Quanquam
511 1624 565 1686 hic
588 1642 717 1703 quoque
740 1621 832 1686 vallis
851 1621 959 1685 Achor
981 1640 1048 1683 non
1070 1620 1123 1683 de·

181 1710 295 1773 bemus
311 1710 465 1788 oblivisci,
490 1711 570 1775 solet
592 1710 681 1774 enim
703 1710 783 1773 deus
803 1710 930 1773 differre
952 1708 1122 1785 auxilium,

180 1804 213 1862 et
235 1800 324 1881 prius
348 1800 480 1863 deducit
507 1800 705 1875 aetnaeos,
737 1819 836 1879 quam
858 1798 1003 1873 reducat,
1032 1798 1124 1878 prius

179 1888 289 1952 deiicit
305 1909 403 1971 quam
426 1890 535 1969 erigat,
559 1888 732 1951 mortificat
745 1888 834 1969 prius
850 1907 949 1967 quam
971 1886 1122 1949 vivificat.

179 1977 295 2059 Itaque
325 1978 457 2041 ecclesia
479 1999 546 2041 non
575 1976 697 2052 carebit
719 1976 895 2039 tentatione
921 1975 989 2051 illa,
1021 1994 1124 2054 quam

180 2067 281 2130 sensit
304 2060 498 2144 emantur?
524 2067 639 2130 Matth.
667 2064 716 2128 15.
763 2066 869 2128 Deum
892 2063 1030 2129 aversari
1052 2084 1121 2146 pre.-

180 2173 232 2217 ces
261 2163 402 2233 nostras,
430 2176 496 2218 non
519 2156 644 2231 audire,
676 2155 836 2234 negligere
866 2173 924 2216 nos
952 2159 1011 2216 etc.
1058 2153 1124 2215 Hic

180 2261 309 2306 necesse
338 2251 387 2306 est
413 2245 614 2320 meminisse,
648 2243 735 2323 quod
762 2262 897 2323 regnum
928 2242 1047 2304 Christi
1074 2247 1125 2304 est

180 2351 316 2412 regnum
339 2333 423 2413 spei,
455 2339 488 2395 et
509 2353 576 2396 non
598 2351 706 2394 rerum
728 2331 963 2414 apparentium.
1010 2330 1123 2392 Differ·

180 2426 234 2482 tur
266 2421 376 2501 itaque
405 2421 579 2498 auxilium,
621 2419 678 2484 aed
711 2441 777 2484 non
806 2420 957 2482 aufertur.
1012 2419 1125 2481 Cessat

181 2510 359 2586 exauditio,
391 2511 536 2574 sednon
563 2515 707 2590 negatur.
755 2509 840 2590 Ergo
868 2508 1029 2572 meamus
1053 2526 1123 2570 esse

180 2597 320 2678 improbi
349 2599 559 2678 flagitatores,
590 2593 635 2682 μὴ
663 2592 866 2668 ἐκκακοῦντες
893 2591 930 2682 τῇ
959 2589 1124 2680 προσευχῇ

181 2686 265 2747 sicut
294 2685 439 2748 Christus
472 2680 580 2749 dicitf‘
628 2687 811 2749 Delectatur
847 2685 938 2749 enim,
969 2686 1030 2748 hae
1065 2703 1125 2746 seu

179 2773 386 2854 improbitate
409 2794 466 2837 seu
492 2775 695 2858 impudentia
718 2775 812 2852 deus,
841 2781 873 2838 et
901 2774 997 2836 simul
1024 2773 1126 2834 etiam

180 2862 370 2925 exercitium
398 2883 494 2927 suum
516 2864 615 2927 habet
643 2863 739 2940 fides,
771 2883 853 2944 quae
877 2862 1020 2942 augescit
1048 2879 1122 2925 usu.

269 2952 379 3014 Utitur
413 2960 523 3017 autem
554 2953 609 3016 hic
649 2952 756 3015 denuo
793 2953 950 3034 propheta
989 2949 1125 3013 nomine

179 3033 313 3103 Iezreel⁵
340 3041 376 3104 in
399 3062 438 3105 ea
460 3041 708 3122 significatione,
745 3060 810 3121 qua
832 3059 910 3104 usus
935 3045 983 3103 est
1013 3057 1123 3120 supra,

180 3148 256 3192 cum
278 3129 371 3206 dixit,
395 3151 552 3211 magnum
571 3131 639 3194 fore
664 3129 751 3192 diem
766 3129 891 3205 Iezreel,
916 3145 975 3210 pro
998 3127 1124 3190 semine

179 3217 315 3297 gratiae,
347 3239 414 3281 non
435 3241 494 3303 pro
522 3220 644 3282 semine
672 3217 752 3294 irae,
783 3219 868 3280 sicut
897 3217 933 3279 in
963 3217 991 3279 1.
1017 3215 1124 3299 capite

242 3451 245 3454 ⁴
270 3392 297 3460 1)
316 3392 487 3446 Exhortatio
505 3392 542 3446 ad
560 3392 780 3459 praecationem.
808 3391 835 3460 2)
854 3391 1010 3448 Exauditio
1029 3389 1126 3444 differ-

177 3465 378 3598 birlelldelon
390 3466 528 3565 negatur?
552 3463 582 3530 3)
597 3462 756 3533 (inuenitis,
769 3463 872 3518 Matth.
887 3461 930 3518 15.
957 3461 986 3530 4)
999 3457 1066 3515 Luc.
1082 3459 1126 3514 1.·

270 3675 295 3742 ⁸)
315 3677 351 3730 In
368 3675 430 3730 ooll.
449 3676 568 3730 lenens:
587 3677 654 3737 Luc.
675 3675 716 3731 18.
882 3687 885 3690 ⁴
