2575 4225
458 280 486 332 -1
502 284 582 324 εἰη
946 270 1155 352 Caput
1198 268 1462 331 tertium
1509 267 1834 330 decimum

454 452 633 512 masiti
696 455 849 511 sunt
906 449 1070 524 mei,
1132 448 1255 509 hoc
1313 451 1439 521 est,
1498 465 1758 527 prorsus
1812 446 2063 508 nullam
2109 466 2354 509 curam·

458 540 627 600 swrbi
672 538 1057 613 habuerunt,
1107 534 1375 617 perinde
1421 536 1739 610 vixerunt,
1788 555 1864 596 ac
1899 536 1957 597 si
1990 556 2340 615 nunquam

454 652 598 688 vum
646 627 738 688 eis
785 646 898 707 per
950 626 1298 706 prophetas
1356 645 1562 686 essem
1616 625 1888 687 locutus
1972 625 2155 686 Nam
2209 626 2340 686 hoc

462 736 594 776 *mre
641 722 739 779 est
782 714 1073 777 oblivisci
1118 713 1242 791 dei,
1295 714 1477 776 cuius
1522 719 1743 775 tamen
1773 734 2011 775 nomen
2041 713 2333 776 idolatris

458 824 704 884 wmper
746 805 819 866 in
864 823 971 867 ore
1017 810 1171 879 erat,
1221 802 1335 865 sed
1381 803 1573 866 verbo
1620 822 1754 865 non
1798 802 2241 867 attendebant.

466 980 644 1088 ῬΜ
716 970 935 1044 auter’n
987 983 1147 1044 haec
1217 982 1447 1061 ingens
1516 1001 1591 1042 ac
1649 980 1991 1042 ‘horribilis
2059 979 2338 1042 humani

546 1048 578 1092 Α
635 1071 845 1135 cordis
905 1071 1191 1146 malicia,
1254 1069 1429 1151 quod
1498 1070 1751 1131 facilius
1819 1070 2097 1133 tolerant
2163 1070 2342 1131 mala

458 1182 652 1240 quam
697 1162 887 1223 bona.
981 1160 1286 1235 Vexatio,
1335 1160 1553 1238 inquit
1598 1159 1822 1221 Esaias
1835 1154 1889 1234 ,³³³
1934 1158 2049 1221 dat
2093 1158 2336 1220 intelle-

458 1264 650 1312 rwm.
743 1251 912 1312 Nam
954 1249 1027 1310 in
1070 1249 1259 1311 malis
1306 1248 1616 1311 discimus
1664 1267 2004 1327 agnoscere
2051 1253 2338 1329 peccata,

458 1339 896 1414 winendamur,
928 1339 1306 1402 invocamus
1337 1337 1552 1414 deum,
1579 1339 1879 1399 exuimus
1903 1337 2337 1399 securitatem.

461 1432 634 1489 :sn-ut
677 1428 973 1490 Manasse
1020 1428 1393 1507 exemplum
1440 1426 1739 1502 ostendit,
1796 1432 1861 1489 et
1904 1426 2214 1505 parabola
2257 1426 2341 1487 de

462 1520 586 1576 salio
632 1515 918 1595 prodigo.
1013 1515 1138 1576 Sed
1184 1535 1333 1577 cum
1394 1515 1800 1577 abundamus
1819 1565 1832 1590 ,
1890 1515 2022 1576 fere
2083 1535 2343 1595 semper

462 1604 898 1666 obliviscimur
956 1603 1080 1665 dei.
1174 1604 1384 1666 David
1401 1598 1425 1636 ²
1492 1624 1641 1666 cum
1698 1604 1984 1685 primum
2039 1625 2080 1664 a
2125 1604 2340 1679 Saule,

462 1708 518 1756 νῑ
566 1699 790 1776 postea
837 1714 875 1754 a
918 1693 1049 1755 filio
1097 1693 1418 1756 Absolone
1465 1694 1823 1775 periculum
1881 1698 2075 1769 esset,
2138 1713 2343 1772 quam

458 1790 675 1846 munte
732 1788 797 1845 et
849 1782 1179 1844 humiliter
1232 1803 1302 1844 se
1362 1783 1668 1862 gerebat?
1760 1781 1883 1843 Sed
1940 1781 2012 1843 in
2074 1783 2216 1844 ocio
2263 1789 2346 1845 'et

462 1876 514 1932 :11
530 1872 857 1934 ‚undantia
900 1872 1151 1952 positus
1192 1872 1563 1952 turpissime
1595 1876 1660 1933 et
1688 1870 2062 1950 gravissime
2093 1876 2340 1952 peccat.

638 1961 741 2023 Sic
796 1954 1136 2022 ⁵Ezechias
1156 2010 1170 2037 ,
1230 1979 1380 2023 cum
1424 1960 1629 2023 hostis
1686 1960 1769 2022 ad
1828 1960 2089 2023 moenia
2149 1966 2339 2036 esset,

462 2068 514 2113 ,ις-1
570 2052 699 2113 iam
744 2049 1013 2113 instaret
1056 2050 1363 2113 ultimum
1408 2049 1773 2126 discrimen,
1823 2054 2066 2129 quanto
2115 2049 2345 2112 ardore

462 2141 683 2202 mahat
728 2139 812 2201 ad
856 2139 1099 2202 deum?
1154 2140 1365 2212 Quam
1411 2140 1742 2202 humiJiter
1787 2160 1826 2201 a
1871 2140 2190 2220 propheta
2235 2160 2342 2220 pe-

465 2229 661 2303 zsbst,
732 2232 806 2289 ut
872 2229 1306 2308 interponeret
1355 2230 1494 2310 ipse
1550 2248 1807 2308 quoque
1864 2246 2083 2308 preces
2146 2230 2345 2302 suas?

469 2321 502 2377 [ι
518 2317 642 2378 [em
688 2316 761 2378 in
805 2318 1032 2379 morbo
1078 2338 1195 2380 suo
1242 2323 1308 2379 et
1361 2324 1531 2380 certo
1587 2318 1755 2393 vitae
1814 2317 2099 2398 periculo
2159 2317 2340 2379 facit.

462 2409 586 2468 r-sswl
630 2426 781 2469 cum
827 2412 892 2468 et
934 2406 1138 2488 hostis
1184 2406 1277 2468 sic
1321 2407 1632 2471 divinitus
1663 2407 2000 2470 submotus
2032 2412 2219 2492 esset,
2268 2412 2349 2469 ut

466 2497 712 2557 nullum
773 2496 855 2557 ab
913 2516 987 2558 eo
1042 2501 1310 2559 restaret
1367 2496 1762 2576 periculum,
1834 2501 1900 2557 et
1959 2496 2346 2558 confirmata

462 2604 716 2663 *umque
762 2584 1062 2647 valetudo
1109 2590 1294 2661 esset,
1343 2585 1413 2646 in
1459 2585 1885 2660 securitatem,
1935 2590 1997 2646 et
2029 2585 2342 2665 pernicio-

462 2697 598 2733 sam
654 2672 1078 2733 ambitionem
1131 2674 1393 2750 incidit,
1458 2674 1640 2737 cuius
1698 2674 2036 2754 posteritas
2097 2693 2346 2754 poenas

462 2761 494 2821 ἐμ]
510 2785 534 2821 :¹
550 2761 672 2821 hat.
1896 2798 1901 2801 -

638 2849 830 2911 Recte
875 2842 1107 2928 igitur4
1156 2848 1410 2923 Salomo
1457 2857 1624 2914 orat:
1672 2853 1815 2913 Duo
1861 2851 2078 2931 rogavi
2125 2858 2210 2928 te,
2260 2872 2344 2913 ne

462 2941 736 3017 dmwges
782 2938 947 3000 mihi
984 2945 1334 3019 antequam
1365 2941 1619 3013 moriar,
1668 2940 2020 3004 vanitatem
2052 2945 2117 3001 et
2146 2941 2349 3004 verba

466 3028 782 3090 maffridacii
824 3028 1012 3107 longe
1059 3029 1163 3090 fac
1210 3050 1249 3090 a
1277 3049 1402 3106 me,
1442 3030 1575 3091 hoc
1606 3037 1719 3106 est,
1771 3030 1862 3092 sic
1890 3050 1997 3090 me
2029 3030 2342 3108 guberna,

462 3141 538 3177 nv
590 3116 870 3178 incidam
918 3117 988 3178 in
1032 3117 1237 3199 impia
1281 3118 1588 3197 dogmata
1632 3123 1698 3181 et
1730 3118 2112 3193 idolatriam,
2163 3138 2344 3180 men-

462 3209 806 3269 dacitatem
875 3226 1130 3286 quoque
1199 3213 1264 3270 et
1331 3207 1598 3269 divicias
1666 3227 1748 3268 ne
1824 3205 2075 3268 dederis
2152 3208 2341 3268 mihi.

466 3297 696 3357 Tribue
743 3300 999 3357 tantum
1044 3296 1242 3385 victui
1287 3316 1433 3358 meo
1479 3295 1852 3371 necessaria,
1909 3316 1989 3357 ne
2035 3294 2200 3365 forte
2249 3315 2345 3358 sa·

639 3523 693 3591 1)
735 3523 1018 3577 Securitas
1056 3522 1193 3577 facit
1219 3523 1583 3590 ‚negligentes
1609 3526 1669 3576 et
1694 3521 1984 3591 superbos.
2048 3520 2104 3587 2)
2132 3522 2266 3577 Dav

458 3593 514 3657 :U
558 3596 846 3648 Ezechias.
920 3592 976 3660 4)
1015 3594 1280 3649 Proverb.
1319 3594 1406 3647 30.

640 3752 691 3820 *)
727 3754 799 3806 In
835 3769 1009 3821 marg.
1050 3755 1172 3808 coll.
1211 3756 1357 3808 Ien.:
1397 3755 1602 3809 Esaiae
1639 3756 1724 3809 28.

2442 1321 2458 1337 ·
2464 4 2475 13 Ι

2540 3775 2555 3790 ⁸¹
2477 0 2556 3769 *Qss-QQ—ww———d
