2575 4225
471 289 570 351 Oscae
593 290 784 370 prophetae·
1051 288 1092 354 27

150 466 241 547 quod
264 466 378 548 populi
400 472 477 530 sunt
491 466 527 529 in
540 465 716 547 impietate.
762 466 846 529 Nota
864 467 985 530 malam
999 466 1093 530 inter·

149 556 367 637 pretationem
382 554 594 635 Papistarum‚
618 574 684 634 quo
706 553 780 635 plus
802 557 941 637 populus
960 556 1093 636 largitus

150 652 205 708 θεῖ
225 664 264 707 θο
288 645 362 725 plus
384 663 443 706 nos
466 642 700 707 devoravimus.

448 783 619 847 Sublavare
643 784 796 869 animam.

243 910 292 972 ps.
321 891 364 954 ad
390 896 423 953 tc
450 890 563 953 levabo
592 896 653 954 etc.
692 897 742 955 θεῖ
770 890 980 973 suspendere,
1015 891 1096 957 moui

153 978 219 1063 suff
239 978 338 1063 infiat,
362 977 432 1062 profi
447 978 548 1059 duibett
570 984 629 1043 etc.
653 980 789 1044 Paulus:
811 1000 878 1043 non
893 979 1095 1045 attendentes

150 1068 295 1131 Iudaicis
319 1068 454 1144 fabulis,
484 1066 519 1131 id
549 1074 612 1132 est:
644 1068 848 1150 suspendunt
877 1069 1035 1149 populum
1061 1075 1094 1132 ct

152 1158 280 1221 faciunt
303 1156 469 1225 attendere
495 1157 589 1219 illum
620 1157 663 1219 ad
691 1177 767 1220 suas
789 1156 971 1238 impietates
994 1164 1027 1221 et
1048 1158 1093 1219 in·

149 1246 294 1309 iustitias
323 1246 411 1327 quod
433 1245 480 1309 illi
502 1246 638 1309 credunt
659 1246 713 1327 pie
736 1247 788 1326 agi
811 1251 844 1309 et
857 1246 935 1309 fieri.
982 1245 1094 1310 Cultus

150 1341 204 1398 est
226 1335 439 1398 sacerdotum.

545 1459 588 1523 Et
611 1454 699 1522 θτὶῖ.ι

244 1564 316 1627 Iam
339 1564 483 1645 sequitur
504 1564 663 1643 vindicta,
693 1566 854 1647 proverbii
881 1564 951 1629 vice
978 1565 1042 1628 fuit
1063 1571 1096 1629 θῖ

152 1670 244 1717 nunc
266 1660 324 1717 θεῖ.
371 1652 446 1719 etrier
466 1651 518 1736 pilt
531 1652 589 1720 mit
602 1653 638 1733 fio
654 1652 694 1720 ott
716 1652 763 1732 oti
784 1655 833 1720 tet
852 1657 961 1730 eoae,
984 1653 1094 1716 tollam

152 1748 189 1805 et
199 1742 359 1825 populum
373 1749 406 1806 et
417 1738 659 1820 sacerdotium,¹
678 1740 728 1809 aa
737 1741 835 1824 hintes
844 1742 907 1823 313ss
916 1740 1095 1823 ῐῖῖῑῖυιῐὶῷθῖι

416 1890 423 1908 ’
460 1902 548 1979 Visa,
573 1902 791 1983 cogitationes,

153 2009 192 2071 id
221 2015 286 2074 est:
319 2009 436 2073 studia,
483 2010 528 2072 Ut
557 2009 756 2073 manducent
784 2010 836 2072 val
865 2006 1037 2072 comedant
1065 2013 1097 2071 et

153 2120 224 2164 non
252 2104 448 2176 saturentur,
479 2105 517 2162 ut
547 2098 745 2162 fornicentur
775 2103 808 2161 θῖ
834 2119 901 2160 non
931 2095 1097 2160 abundant

153 2191 208 2253 vel
231 2209 298 2253 non
321 2187 472 2252 succedat
494 2189 549 2264 eis,
573 2187 728 2271 papaten,
753 2186 799 2250 sic
821 2187 937 2250 melius
959 2206 1027 2268 pro.

450 2347 494 2409 Fit
515 2346 686 2410 comedent
707 2340 798 2423 θῖθ.,ι

154 2455 193 2518 id
215 2463 279 2520 ast:
304 2453 448 2535 redigam
469 2474 526 2517 vos
541 2454 577 2516 in
591 2454 792 2530 tenuitatem,
817 2459 1043 2535 paupertatem
1065 2460 1098 2518 ct

155 2545 289 2622 famem,
306 2542 341 2606 id
353 2549 415 2606 eat:
432 2542 577 2626 redigam
591 2543 632 2621 in
642 2542 813 2624 penuriam
828 2562 859 2621 q.
873 2542 904 2604 d.
916 2542 984 2604 iam
995 2562 1096 2605 come·

155 2631 235 2696 ditis
247 2637 379 2714 peccata
389 2632 514 2713 populi,
528 2631 757 2712 saginabimini
768 2635 828 2693 etc.
840 2630 966 2708 harum,
980 2631 1099 2694 faciem

154 2728 197 2784 ut
218 2743 259 2784 ne
282 2721 382 2784 micas
405 2720 460 2786 tub
483 2718 581 2785 ritmo
603 2719 749 2782 habeatis
769 2725 828 2783 etc.
874 2720 947 2783 Non
962 2726 1099 2802 possunt

154 2816 287 2874 tantum
317 2809 468 2872 fornicari
498 2813 659 2890 quantum
688 2809 807 2872 vellent
837 2813 896 2872 etc.
952 2808 1098 2872 studium

154 2898 318 2980 relinquet
339 2898 513 2980 impietatis
537 2902 702 2978 ettamen
724 2915 792 2960 non
813 2903 950 2978 possunt
972 2897 1097 2960 efficere

155 2993 233 3051 etc:
259 3022 302 3033 -

196 3129 377 3194 Fornicatio
400 3135 438 3192 at·
454 3089 567 3192 vinum
590 3134 623 3192 θῖ
645 3127 782 3191 ebrietas
805 3126 956 3189 auferunt
977 3119 1060 3189 cor.⁴

248 3237 380 3300 Dictum
403 3234 537 3299 arbitror
559 3231 799 3316 proverbialiter
820 3233 857 3295 in
879 3238 946 3295 toto
966 3231 1096 3314 populo,

157 3325 223 3389 ner
246 3325 410 3406 regionem
440 3343 588 3399 omnem,
624 3343 656 3403 q.
688 3322 720 3384 d.
755 3341 828 3386 vere
863 3322 981 3383 dicitur
1010 3319 1098 3399 quod

199 3425 285 3496 *cetea
307 3415 421 3477 vinum
443 3416 477 3475 θῖ
499 3412 634 3475 ebrietas
657 3410 769 3489 madet
789 3425 895 3477 παπαῖ
909 3414 968 3473 θῖθ.
1014 3407 1098 3470 Vide

185 3509 286 3568 vatros
317 3501 423 3585 pinifer
450 3501 505 3567 aab
527 3498 655 3581 monde,
685 3499 765 3582 quid
793 3499 858 3562 illis
888 3495 1036 3560 stolidius
1067 3502 1100 3561 θῖ

191 3633 376 3646 m

251 3695 292 3820 11)1
304 3712 330 3750 v.
349 3695 374 3748 a
420 3694 448 3762 a)
471 3693 578 3764 Incipit
601 3692 649 3748 ror.
669 3691 729 3745 113.
748 3692 782 3746 A.
808 3689 902 3746 usca
948 3689 977 3757 a)
1001 3707 1027 3744 v.
1055 3687 1116 3742 10:

211 3784 238 3822 v,
295 3808 301 3821 ,
707 3796 709 3801 χ
768 3795 784 3802 ,.
