<?xml version="1.0" encoding="UTF-8"?>
<!DOCTYPE html PUBLIC "-//W3C//DTD XHTML 1.0 Transitional//EN"
    "http://www.w3.org/TR/xhtml1/DTD/xhtml1-transitional.dtd">
<html xmlns="http://www.w3.org/1999/xhtml" xml:lang="en" lang="en">
 <head>
  <title>
</title>
<meta http-equiv="Content-Type" content="text/html;charset=utf-8" />
  <meta name='ocr-system' content='tesseract 3.04.00' />
  <meta name='ocr-capabilities' content='ocr_page ocr_carea ocr_par ocr_line ocrx_word'/>
</head>
<body>
  <div class='ocr_page' id='page_1' title='image "./exegeticaoperal13luthgoog_0404.png"; bbox 0 0 2575 4225; ppageno 0'>
   <div class='ocr_carea' id='block_1_1' title="bbox 31 3329 38 3515">
    <p class='ocr_par' dir='ltr' id='par_1_1' title="bbox 31 3202 38 3534">
     <span class='ocr_line' id='line_1_1' title="bbox 31 3329 38 3515; baseline 0 -285"><span class='ocrx_word' id='word_1_1' title='bbox 31 3329 38 3515; x_wconf 61' lang='lat'><em>÷</em></span> 
     </span>
    </p>
   </div>
   <div class='ocr_carea' id='block_1_2' title="bbox 853 288 2121 371">
    <p class='ocr_par' dir='ltr' id='par_1_2' title="bbox 853 288 2121 371">
     <span class='ocr_line' id='line_1_2' title="bbox 853 288 2121 371; baseline 0.001 -21"><span class='ocrx_word' id='word_1_2' title='bbox 853 288 1107 351; x_wconf 88' lang='lat' dir='ltr'><strong>Hoseae</strong></span> <span class='ocrx_word' id='word_1_3' title='bbox 1150 290 1524 371; x_wconf 87' lang='lat' dir='ltr'><strong>prophetae.</strong></span> <span class='ocrx_word' id='word_1_4' title='bbox 1997 291 2121 355; x_wconf 38' lang='lat'><strong>39¹3</strong></span> 
     </span>
    </p>
   </div>
   <div class='ocr_carea' id='block_1_3' title="bbox 240 463 2129 903">
    <p class='ocr_par' dir='ltr' id='par_1_3' title="bbox 240 463 2129 903">
     <span class='ocr_line' id='line_1_3' title="bbox 240 463 2125 547; baseline -0.002 -17"><span class='ocrx_word' id='word_1_5' title='bbox 240 466 361 543; x_wconf 90' lang='lat' dir='ltr'><strong>bit,</strong></span> <span class='ocrx_word' id='word_1_6' title='bbox 411 470 651 541; x_wconf 85' lang='lat' dir='ltr'><strong>eontra,</strong></span> <span class='ocrx_word' id='word_1_7' title='bbox 700 465 815 546; x_wconf 88' lang='lat' dir='ltr'><strong>qui</strong></span> <span class='ocrx_word' id='word_1_8' title='bbox 860 463 1055 528; x_wconf 91' lang='lat' dir='ltr'><strong>deum</strong></span> <span class='ocrx_word' id='word_1_9' title='bbox 1092 486 1226 529; x_wconf 88' lang='lat' dir='ltr'><strong>non</strong></span> <span class='ocrx_word' id='word_1_10' title='bbox 1271 467 1646 546; x_wconf 86' lang='lat' dir='ltr'><strong>glorificant,</strong></span> <span class='ocrx_word' id='word_1_11' title='bbox 1694 465 1818 529; x_wconf 86' lang='lat' dir='ltr'><strong>hoe</strong></span> <span class='ocrx_word' id='word_1_12' title='bbox 1847 475 1961 543; x_wconf 83' lang='lat' dir='ltr'><strong>est,</strong></span> <span class='ocrx_word' id='word_1_13' title='bbox 2013 471 2125 547; x_wconf 72' lang='lat' dir='ltr'><strong>qui</strong></span> 
     </span>
     <span class='ocr_line' id='line_1_4' title="bbox 242 554 2121 636; baseline -0.002 -17"><span class='ocrx_word' id='word_1_14' title='bbox 242 555 505 619; x_wconf 78' lang='lat' dir='ltr'><strong>malunt</strong></span> <span class='ocrx_word' id='word_1_15' title='bbox 547 554 734 636; x_wconf 82' lang='lat' dir='ltr'><strong>sequi</strong></span> <span class='ocrx_word' id='word_1_16' title='bbox 778 574 927 618; x_wconf 87' lang='lat' dir='ltr'><strong>suas</strong></span> <span class='ocrx_word' id='word_1_17' title='bbox 958 554 1394 635; x_wconf 82' lang='lat' dir='ltr'><strong>cogitationes,</strong></span> <span class='ocrx_word' id='word_1_18' title='bbox 1443 576 1642 636; x_wconf 88' lang='lat' dir='ltr'><strong>quam</strong></span> <span class='ocrx_word' id='word_1_19' title='bbox 1685 555 1953 619; x_wconf 83' lang='lat' dir='ltr'><strong>verbum</strong></span> <span class='ocrx_word' id='word_1_20' title='bbox 2001 559 2121 631; x_wconf 69' lang='lat' dir='ltr'><strong>dei,</strong></span> 
     </span>
     <span class='ocr_line' id='line_1_5' title="bbox 242 642 2129 724; baseline 0 -17"><span class='ocrx_word' id='word_1_21' title='bbox 242 645 317 707; x_wconf 88' lang='lat' dir='ltr'><strong>hi</strong></span> <span class='ocrx_word' id='word_1_22' title='bbox 376 648 568 708; x_wconf 88' lang='lat' dir='ltr'><strong>erunt</strong></span> <span class='ocrx_word' id='word_1_23' title='bbox 620 642 959 720; x_wconf 90' lang='lat' dir='ltr'><strong>,Nodedim</strong></span> <span class='ocrx_word' id='word_1_24' title='bbox 1017 644 1104 706; x_wconf 91' lang='lat' dir='ltr'><strong>ba</strong></span> <span class='ocrx_word' id='word_1_25' title='bbox 1158 644 1392 707; x_wconf 85' lang='lat' dir='ltr'><strong>Goiim‘</strong></span> <span class='ocrx_word' id='word_1_26' title='bbox 1454 645 1525 707; x_wconf 91' lang='lat' dir='ltr'><strong>id</strong></span> <span class='ocrx_word' id='word_1_27' title='bbox 1578 650 1702 721; x_wconf 89' lang='lat' dir='ltr'><strong>est,</strong></span> <span class='ocrx_word' id='word_1_28' title='bbox 1762 644 1910 724; x_wconf 85' lang='lat' dir='ltr'><strong>vagi</strong></span> <span class='ocrx_word' id='word_1_29' title='bbox 1961 647 2129 707; x_wconf 65' lang='lat' dir='ltr'><strong>inter</strong></span> 
     </span>
     <span class='ocr_line' id='line_1_6' title="bbox 246 738 2125 903; baseline -0.001 -19"><span class='ocrx_word' id='word_1_30' title='bbox 246 738 615 884; x_wconf 51' lang='lat' dir='ltr'><strong>gentegfune</strong></span> <span class='ocrx_word' id='word_1_31' title='bbox 672 826 821 886; x_wconf 90' lang='lat' dir='ltr'><strong>ante</strong></span> <span class='ocrx_word' id='word_1_32' title='bbox 880 822 1095 885; x_wconf 90' lang='lat' dir='ltr'><strong>oeulos</strong></span> <span class='ocrx_word' id='word_1_33' title='bbox 1167 826 1266 885; x_wconf 90' lang='lat' dir='ltr'><strong>est</strong></span> <span class='ocrx_word' id='word_1_34' title='bbox 1319 821 1692 901; x_wconf 87' lang='lat' dir='ltr'><strong>Hungariae</strong></span> <span class='ocrx_word' id='word_1_35' title='bbox 1756 827 2125 903; x_wconf 77' lang='lat' dir='ltr'><strong>exemplum</strong></span> 
     </span>
    </p>
   </div>
   <div class='ocr_carea' id='block_1_4' title="bbox 119 909 2129 993">
    <p class='ocr_par' dir='ltr' id='par_1_4' title="bbox 119 909 2129 993">
     <span class='ocr_line' id='line_1_7' title="bbox 119 909 2129 993; baseline 0 -18"><span class='ocrx_word' id='word_1_36' title='bbox 119 925 132 946; x_wconf 71' lang='lat'>⁸</span> <span class='ocrx_word' id='word_1_37' title='bbox 247 910 534 993; x_wconf 82' lang='lat' dir='ltr'><strong>profecto</strong></span> <span class='ocrx_word' id='word_1_38' title='bbox 549 910 931 988; x_wconf 76' lang='lat' dir='ltr'>miserabile,</span> <span class='ocrx_word' id='word_1_39' title='bbox 960 930 1159 991; x_wconf 87' lang='lat' dir='ltr'><strong>quam</strong></span> <span class='ocrx_word' id='word_1_40' title='bbox 1174 909 1467 973; x_wconf 88' lang='lat' dir='ltr'><strong>barbarie</strong></span> <span class='ocrx_word' id='word_1_41' title='bbox 1491 915 1558 973; x_wconf 92' lang='lat' dir='ltr'><strong>et</strong></span> <span class='ocrx_word' id='word_1_42' title='bbox 1574 909 1906 992; x_wconf 77' lang='lat' dir='ltr'><strong>impietate</strong></span> <span class='ocrx_word' id='word_1_43' title='bbox 1925 915 2129 975; x_wconf 66' lang='lat' dir='ltr'><strong>elatus</strong></span> 
     </span>
    </p>
   </div>
   <div class='ocr_carea' id='block_1_5' title="bbox 246 999 2137 2680">
    <p class='ocr_par' dir='ltr' id='par_1_5' title="bbox 246 999 2129 1703">
     <span class='ocr_line' id='line_1_8' title="bbox 246 999 2125 1080; baseline 0.001 -18"><span class='ocrx_word' id='word_1_44' title='bbox 246 999 453 1063; x_wconf 85' lang='lat' dir='ltr'><strong>hostis</strong></span> <span class='ocrx_word' id='word_1_45' title='bbox 482 1004 711 1076; x_wconf 85' lang='lat' dir='ltr'><strong>vastat,</strong></span> <span class='ocrx_word' id='word_1_46' title='bbox 760 1005 826 1064; x_wconf 92' lang='lat' dir='ltr'><strong>et</strong></span> <span class='ocrx_word' id='word_1_47' title='bbox 866 1006 1111 1064; x_wconf 85' lang='lat' dir='ltr'><strong>veteres</strong></span> <span class='ocrx_word' id='word_1_48' title='bbox 1142 999 1399 1063; x_wconf 81' lang='lat' dir='ltr'><strong>colonos</strong></span> <span class='ocrx_word' id='word_1_49' title='bbox 1445 1004 1558 1061; x_wconf 90' lang='lat' dir='ltr'><strong>aut</strong></span> <span class='ocrx_word' id='word_1_50' title='bbox 1599 1000 1850 1080; x_wconf 87' lang='lat' dir='ltr'><strong>iugulat</strong></span> <span class='ocrx_word' id='word_1_51' title='bbox 1894 1003 2125 1080; x_wconf 66' lang='lat' dir='ltr'><strong>gladio,</strong></span> 
     </span>
     <span class='ocr_line' id='line_1_9' title="bbox 248 1088 2129 1170; baseline -0.001 -18"><span class='ocrx_word' id='word_1_52' title='bbox 248 1094 364 1153; x_wconf 88' lang='lat' dir='ltr'><strong>aut</strong></span> <span class='ocrx_word' id='word_1_53' title='bbox 407 1088 713 1152; x_wconf 75' lang='lat' dir='ltr'><strong>transfert</strong></span> <span class='ocrx_word' id='word_1_54' title='bbox 766 1088 838 1151; x_wconf 93' lang='lat' dir='ltr'><strong>in</strong></span> <span class='ocrx_word' id='word_1_55' title='bbox 882 1095 1133 1151; x_wconf 87' lang='lat' dir='ltr'><strong>remota</strong></span> <span class='ocrx_word' id='word_1_56' title='bbox 1176 1089 1348 1165; x_wconf 87' lang='lat' dir='ltr'><strong>loea,</strong></span> <span class='ocrx_word' id='word_1_57' title='bbox 1408 1088 1523 1150; x_wconf 90' lang='lat' dir='ltr'><strong>ubi</strong></span> <span class='ocrx_word' id='word_1_58' title='bbox 1568 1088 1708 1150; x_wconf 90' lang='lat' dir='ltr'><strong>sine</strong></span> <span class='ocrx_word' id='word_1_59' title='bbox 1754 1109 1868 1170; x_wconf 89' lang='lat' dir='ltr'><strong>spe</strong></span> <span class='ocrx_word' id='word_1_60' title='bbox 1912 1091 2129 1167; x_wconf 60' lang='lat' dir='ltr'><strong>1111qu</strong></span> 
     </span>
     <span class='ocr_line' id='line_1_10' title="bbox 250 1176 2125 1241; baseline -0.001 0"><span class='ocrx_word' id='word_1_61' title='bbox 250 1183 461 1241; x_wconf 81' lang='lat' dir='ltr'><strong>certae</strong></span> <span class='ocrx_word' id='word_1_62' title='bbox 504 1177 677 1241; x_wconf 89' lang='lat' dir='ltr'><strong>sedis</strong></span> <span class='ocrx_word' id='word_1_63' title='bbox 720 1177 940 1240; x_wconf 87' lang='lat' dir='ltr'><strong>miseri</strong></span> <span class='ocrx_word' id='word_1_64' title='bbox 990 1177 1289 1241; x_wconf 87' lang='lat' dir='ltr'><strong>homines</strong></span> <span class='ocrx_word' id='word_1_65' title='bbox 1344 1176 1590 1240; x_wconf 85' lang='lat' dir='ltr'><strong>vivunt.</strong></span> <span class='ocrx_word' id='word_1_66' title='bbox 1680 1176 1760 1239; x_wconf 91' lang='lat' dir='ltr'><strong>Id</strong></span> <span class='ocrx_word' id='word_1_67' title='bbox 1818 1179 1989 1239; x_wconf 79' lang='lat' dir='ltr'><strong>enim</strong></span> <span class='ocrx_word' id='word_1_68' title='bbox 2053 1181 2125 1239; x_wconf 57' lang='lat' dir='ltr'><strong>si</strong></span> 
     </span>
     <span class='ocr_line' id='line_1_11' title="bbox 250 1266 2125 1347; baseline 0 -18"><span class='ocrx_word' id='word_1_69' title='bbox 250 1266 514 1347; x_wconf 82' lang='lat' dir='ltr'><strong>gnificat</strong></span> <span class='ocrx_word' id='word_1_70' title='bbox 558 1266 860 1329; x_wconf 87' lang='lat' dir='ltr'><strong>ebraeum</strong></span> <span class='ocrx_word' id='word_1_71' title='bbox 893 1267 1294 1331; x_wconf 81' lang='lat' dir='ltr'><strong>vocabulum.</strong></span> <span class='ocrx_word' id='word_1_72' title='bbox 1360 1266 1635 1329; x_wconf 78' lang='lat' dir='ltr'>Causam</span> <span class='ocrx_word' id='word_1_73' title='bbox 1669 1271 1887 1329; x_wconf 90' lang='lat' dir='ltr'><strong>autem</strong></span> <span class='ocrx_word' id='word_1_74' title='bbox 1929 1267 2125 1329; x_wconf 72' lang='lat' dir='ltr'><strong>huius</strong></span> 
     </span>
     <span class='ocr_line' id='line_1_12' title="bbox 248 1354 2129 1436; baseline -0.002 -18"><span class='ocrx_word' id='word_1_75' title='bbox 248 1354 408 1418; x_wconf 79' lang='lat' dir='ltr'><strong>mali</strong></span> <span class='ocrx_word' id='word_1_76' title='bbox 453 1354 613 1435; x_wconf 89' lang='lat' dir='ltr'><strong>quid</strong></span> <span class='ocrx_word' id='word_1_77' title='bbox 657 1374 821 1436; x_wconf 88' lang='lat' dir='ltr'><strong>opus</strong></span> <span class='ocrx_word' id='word_1_78' title='bbox 862 1360 963 1418; x_wconf 92' lang='lat' dir='ltr'><strong>est</strong></span> <span class='ocrx_word' id='word_1_79' title='bbox 1005 1355 1351 1435; x_wconf 76' lang='lat' dir='ltr'><strong>quaerere?</strong></span> <span class='ocrx_word' id='word_1_80' title='bbox 1441 1354 1738 1418; x_wconf 76' lang='lat' dir='ltr'><strong>Ostendit</strong></span> <span class='ocrx_word' id='word_1_81' title='bbox 1781 1356 1953 1419; x_wconf 83' lang='lat' dir='ltr'><strong>enim</strong></span> <span class='ocrx_word' id='word_1_82' title='bbox 1989 1379 2129 1415; x_wconf 66' lang='lat' dir='ltr'><strong>van]</strong></span> 
     </span>
     <span class='ocr_line' id='line_1_13' title="bbox 249 1443 2129 1525; baseline 0 -18"><span class='ocrx_word' id='word_1_83' title='bbox 249 1450 349 1507; x_wconf 86' lang='lat' dir='ltr'><strong>tot</strong></span> <span class='ocrx_word' id='word_1_84' title='bbox 406 1443 593 1507; x_wconf 88' lang='lat' dir='ltr'><strong>annis</strong></span> <span class='ocrx_word' id='word_1_85' title='bbox 650 1446 892 1508; x_wconf 84' lang='lat' dir='ltr'><strong>usitata</strong></span> <span class='ocrx_word' id='word_1_86' title='bbox 945 1443 1271 1521; x_wconf 85' lang='lat' dir='ltr'><strong>idolatria,</strong></span> <span class='ocrx_word' id='word_1_87' title='bbox 1336 1448 1402 1505; x_wconf 90' lang='lat' dir='ltr'><strong>et</strong></span> <span class='ocrx_word' id='word_1_88' title='bbox 1456 1444 1933 1525; x_wconf 82' lang='lat' dir='ltr'><strong>episcoporum,</strong></span> <span class='ocrx_word' id='word_1_89' title='bbox 2001 1467 2129 1507; x_wconf 67' lang='lat' dir='ltr'><strong>:uon</strong></span> 
     </span>
     <span class='ocr_line' id='line_1_14' title="bbox 252 1532 2129 1615; baseline -0.001 -19"><span class='ocrx_word' id='word_1_90' title='bbox 252 1534 465 1596; x_wconf 90' lang='lat' dir='ltr'><strong>solum</strong></span> <span class='ocrx_word' id='word_1_91' title='bbox 509 1533 903 1613; x_wconf 86' lang='lat' dir='ltr'><strong>negligentia</strong></span> <span class='ocrx_word' id='word_1_92' title='bbox 921 1582 934 1609; x_wconf 94' lang='lat'>‚</span> <span class='ocrx_word' id='word_1_93' title='bbox 983 1533 1097 1597; x_wconf 89' lang='lat' dir='ltr'><strong>sed</strong></span> <span class='ocrx_word' id='word_1_94' title='bbox 1144 1538 1431 1595; x_wconf 82' lang='lat' dir='ltr'><strong>extrema</strong></span> <span class='ocrx_word' id='word_1_95' title='bbox 1473 1532 1794 1613; x_wconf 76' lang='lat' dir='ltr'><strong>impietae,</strong></span> <span class='ocrx_word' id='word_1_96' title='bbox 1843 1535 1957 1615; x_wconf 85' lang='lat' dir='ltr'><strong>qui</strong></span> <span class='ocrx_word' id='word_1_97' title='bbox 2005 1543 2129 1595; x_wconf 64' lang='lat' dir='ltr'><strong>stii-</strong></span> 
     </span>
     <span class='ocr_line' id='line_1_15' title="bbox 252 1621 1458 1703; baseline -0.001 -19"><span class='ocrx_word' id='word_1_98' title='bbox 252 1621 431 1685; x_wconf 85' lang='lat' dir='ltr'><strong>diose</strong></span> <span class='ocrx_word' id='word_1_99' title='bbox 460 1621 809 1684; x_wconf 46' lang='lat' dir='ltr'><strong>*idolatriae</strong></span> <span class='ocrx_word' id='word_1_100' title='bbox 853 1621 1241 1703; x_wconf 87' lang='lat' dir='ltr'><strong>patrocinati</strong></span> <span class='ocrx_word' id='word_1_101' title='bbox 1285 1627 1458 1685; x_wconf 89' lang='lat' dir='ltr'><strong>sunt.</strong></span> 
     </span>
    </p>

    <p class='ocr_par' dir='ltr' id='par_1_6' title="bbox 252 1709 2137 2680">
     <span class='ocr_line' id='line_1_16' title="bbox 316 1709 2129 1791; baseline -0.001 -18"><span class='ocrx_word' id='word_1_102' title='bbox 316 1746 327 1754; x_wconf 75' lang='lat'><strong>,</strong></span> <span class='ocrx_word' id='word_1_103' title='bbox 431 1710 716 1774; x_wconf 87' lang='lat' dir='ltr'><strong>Videant</strong></span> <span class='ocrx_word' id='word_1_104' title='bbox 757 1710 972 1791; x_wconf 88' lang='lat' dir='ltr'><strong>igitur,</strong></span> <span class='ocrx_word' id='word_1_105' title='bbox 1021 1711 1258 1790; x_wconf 89' lang='lat' dir='ltr'><strong>quibus</strong></span> <span class='ocrx_word' id='word_1_106' title='bbox 1287 1710 1502 1772; x_wconf 82' lang='lat' dir='ltr'><strong>lucem</strong></span> <span class='ocrx_word' id='word_1_107' title='bbox 1545 1710 1725 1774; x_wconf 82' lang='lat' dir='ltr'><strong>verbi</strong></span> <span class='ocrx_word' id='word_1_108' title='bbox 1770 1709 1871 1773; x_wconf 91' lang='lat' dir='ltr'><strong>sui</strong></span> <span class='ocrx_word' id='word_1_109' title='bbox 1917 1731 2021 1771; x_wconf 64' lang='lat' dir='ltr'><strong>aes:</strong></span> <span class='ocrx_word' id='word_1_110' title='bbox 2029 1731 2129 1771; x_wconf 65' lang='lat'>[²11-</span> 
     </span>
     <span class='ocr_line' id='line_1_17' title="bbox 254 1797 2133 1876; baseline -0.002 -14"><span class='ocrx_word' id='word_1_111' title='bbox 254 1799 354 1863; x_wconf 92' lang='lat' dir='ltr'><strong>dit</strong></span> <span class='ocrx_word' id='word_1_112' title='bbox 398 1798 557 1862; x_wconf 87' lang='lat' dir='ltr'><strong>deus</strong></span> <span class='ocrx_word' id='word_1_113' title='bbox 573 1848 588 1876; x_wconf 92' lang='lat'>‚</span> <span class='ocrx_word' id='word_1_114' title='bbox 652 1805 729 1862; x_wconf 92' lang='lat' dir='ltr'><strong>ut</strong></span> <span class='ocrx_word' id='word_1_115' title='bbox 773 1818 918 1861; x_wconf 92' lang='lat' dir='ltr'><strong>eam</strong></span> <span class='ocrx_word' id='word_1_116' title='bbox 974 1798 1257 1861; x_wconf 79' lang='lat' dir='ltr'><strong>studiose</strong></span> <span class='ocrx_word' id='word_1_117' title='bbox 1305 1797 1591 1874; x_wconf 86' lang='lat' dir='ltr'><strong>foveant,</strong></span> <span class='ocrx_word' id='word_1_118' title='bbox 1647 1803 1723 1860; x_wconf 92' lang='lat' dir='ltr'><strong>ut</strong></span> <span class='ocrx_word' id='word_1_119' title='bbox 1777 1807 2097 1862; x_wconf 63' lang='lat' dir='ltr'><strong>reverfflte</strong></span> <span class='ocrx_word' id='word_1_120' title='bbox 2105 1823 2133 1859; x_wconf 81' lang='lat'><strong>1-</strong></span> 
     </span>
     <span class='ocr_line' id='line_1_18' title="bbox 253 1886 2129 1966; baseline 0 -15"><span class='ocrx_word' id='word_1_121' title='bbox 253 1889 379 1951; x_wconf 84' lang='lat' dir='ltr'><strong>hoe</strong></span> <span class='ocrx_word' id='word_1_122' title='bbox 423 1892 680 1950; x_wconf 89' lang='lat' dir='ltr'><strong>tantum</strong></span> <span class='ocrx_word' id='word_1_123' title='bbox 710 1887 957 1951; x_wconf 89' lang='lat' dir='ltr'><strong>donum</strong></span> <span class='ocrx_word' id='word_1_124' title='bbox 993 1887 1296 1963; x_wconf 90' lang='lat' dir='ltr'><strong>habeant,</strong></span> <span class='ocrx_word' id='word_1_125' title='bbox 1345 1891 1413 1949; x_wconf 91' lang='lat' dir='ltr'><strong>et</strong></span> <span class='ocrx_word' id='word_1_126' title='bbox 1441 1905 1516 1948; x_wconf 89' lang='lat' dir='ltr'><strong>eo</strong></span> <span class='ocrx_word' id='word_1_127' title='bbox 1546 1886 1741 1966; x_wconf 88' lang='lat' dir='ltr'><strong>digne</strong></span> <span class='ocrx_word' id='word_1_128' title='bbox 1778 1887 2129 1963; x_wconf 61' lang='lat' dir='ltr'><strong>ambulent,</strong></span> 
     </span>
     <span class='ocr_line' id='line_1_19' title="bbox 254 1975 2129 2057; baseline -0.002 -18"><span class='ocrx_word' id='word_1_129' title='bbox 254 1977 501 2057; x_wconf 88' lang='lat' dir='ltr'><strong>alioqui</strong></span> <span class='ocrx_word' id='word_1_130' title='bbox 559 1996 677 2039; x_wconf 90' lang='lat' dir='ltr'><strong>nos</strong></span> <span class='ocrx_word' id='word_1_131' title='bbox 745 1995 1003 2057; x_wconf 88' lang='lat' dir='ltr'><strong>quoque</strong></span> <span class='ocrx_word' id='word_1_132' title='bbox 1057 1975 1461 2039; x_wconf 84' lang='lat' dir='ltr'><strong>involvemur</strong></span> <span class='ocrx_word' id='word_1_133' title='bbox 1520 1975 1593 2037; x_wconf 88' lang='lat' dir='ltr'><strong>in</strong></span> <span class='ocrx_word' id='word_1_134' title='bbox 1646 1975 1883 2038; x_wconf 77' lang='lat' dir='ltr'><strong>similia</strong></span> <span class='ocrx_word' id='word_1_135' title='bbox 1941 1999 2005 2039; x_wconf 74' lang='grc'><strong>111</strong></span> <span class='ocrx_word' id='word_1_136' title='bbox 2013 1979 2129 2035; x_wconf 65' lang='lat' dir='ltr'><strong>aia.</strong></span> 
     </span>
     <span class='ocr_line' id='line_1_20' title="bbox 252 2064 2133 2147; baseline 0.001 -19"><span class='ocrx_word' id='word_1_137' title='bbox 252 2065 597 2130; x_wconf 74' lang='lat' dir='ltr'><strong>Labor-avit</strong></span> <span class='ocrx_word' id='word_1_138' title='bbox 666 2065 809 2129; x_wconf 88' lang='lat' dir='ltr'><strong>sine</strong></span> <span class='ocrx_word' id='word_1_139' title='bbox 878 2065 1078 2128; x_wconf 90' lang='lat' dir='ltr'><strong>dubio</strong></span> <span class='ocrx_word' id='word_1_140' title='bbox 1136 2065 1416 2147; x_wconf 88' lang='lat' dir='ltr'><strong>populus</strong></span> <span class='ocrx_word' id='word_1_141' title='bbox 1472 2064 1672 2128; x_wconf 86' lang='lat' dir='ltr'><strong>Israel</strong></span> <span class='ocrx_word' id='word_1_142' title='bbox 1725 2064 1917 2128; x_wconf 89' lang='lat' dir='ltr'><strong>etiam</strong></span> <span class='ocrx_word' id='word_1_143' title='bbox 1989 2067 2133 2128; x_wconf 68' lang='lat' dir='ltr'><strong>aliis</strong></span> 
     </span>
     <span class='ocr_line' id='line_1_21' title="bbox 254 2154 2133 2237; baseline -0.002 -18"><span class='ocrx_word' id='word_1_144' title='bbox 254 2155 466 2231; x_wconf 80' lang='lat' dir='ltr'><strong>viciis,</strong></span> <span class='ocrx_word' id='word_1_145' title='bbox 535 2155 703 2219; x_wconf 85' lang='lat' dir='ltr'><strong>sieut</strong></span> <span class='ocrx_word' id='word_1_146' title='bbox 760 2160 826 2218; x_wconf 86' lang='lat' dir='ltr'><strong>et</strong></span> <span class='ocrx_word' id='word_1_147' title='bbox 878 2156 1104 2237; x_wconf 31' lang='lat' dir='ltr'><strong>Hosea,</strong></span> <span class='ocrx_word' id='word_1_148' title='bbox 1148 2174 1345 2235; x_wconf 90' lang='lat' dir='ltr'><strong>supra</strong></span> <span class='ocrx_word' id='word_1_149' title='bbox 1402 2154 1714 2231; x_wconf 87' lang='lat' dir='ltr'><strong>ostendit,</strong></span> <span class='ocrx_word' id='word_1_150' title='bbox 1777 2160 1842 2218; x_wconf 89' lang='lat' dir='ltr'><strong>et</strong></span> <span class='ocrx_word' id='word_1_151' title='bbox 1885 2155 2133 2216; x_wconf 61' lang='lat' dir='ltr'><strong>Mis-has</strong></span> 
     </span>
     <span class='ocr_line' id='line_1_22' title="bbox 258 2242 2129 2325; baseline -0.001 -19"><span class='ocrx_word' id='word_1_152' title='bbox 258 2243 689 2325; x_wconf 86' lang='lat' dir='ltr'><strong>tyrannidem,</strong></span> <span class='ocrx_word' id='word_1_153' title='bbox 722 2244 1084 2319; x_wconf 80' lang='lat' dir='ltr'><strong>avariciam,</strong></span> <span class='ocrx_word' id='word_1_154' title='bbox 1131 2242 1420 2319; x_wconf 89' lang='lat' dir='ltr'><strong>iniurias,</strong></span> <span class='ocrx_word' id='word_1_155' title='bbox 1466 2242 1770 2306; x_wconf 85' lang='lat' dir='ltr'><strong>libidines</strong></span> <span class='ocrx_word' id='word_1_156' title='bbox 1799 2244 2129 2324; x_wconf 56' lang='lat' dir='ltr'><strong>repi-relnoeruv</strong></span> 
     </span>
     <span class='ocr_line' id='line_1_23' title="bbox 257 2331 2133 2415; baseline -0.001 -21"><span class='ocrx_word' id='word_1_157' title='bbox 257 2333 373 2395; x_wconf 89' lang='lat' dir='ltr'><strong>dit.</strong></span> <span class='ocrx_word' id='word_1_158' title='bbox 460 2331 589 2395; x_wconf 81' lang='lat' dir='ltr'><strong>sed</strong></span> <span class='ocrx_word' id='word_1_159' title='bbox 630 2333 946 2415; x_wconf 90' lang='lat' dir='ltr'><strong>propheta</strong></span> <span class='ocrx_word' id='word_1_160' title='bbox 986 2333 1111 2394; x_wconf 84' lang='lat' dir='ltr'><strong>hoe</strong></span> <span class='ocrx_word' id='word_1_161' title='bbox 1155 2332 1227 2394; x_wconf 93' lang='lat' dir='ltr'><strong>in</strong></span> <span class='ocrx_word' id='word_1_162' title='bbox 1267 2332 1410 2395; x_wconf 85' lang='lat' dir='ltr'><strong>loeo</strong></span> <span class='ocrx_word' id='word_1_163' title='bbox 1454 2337 1711 2395; x_wconf 89' lang='lat' dir='ltr'><strong>tantum</strong></span> <span class='ocrx_word' id='word_1_164' title='bbox 1753 2333 1949 2394; x_wconf 78' lang='lat' dir='ltr'><strong>huius</strong></span> <span class='ocrx_word' id='word_1_165' title='bbox 1997 2352 2133 2412; x_wconf 60' lang='lat' dir='ltr'><strong>[zme-</strong></span> 
     </span>
     <span class='ocr_line' id='line_1_24' title="bbox 258 2419 2133 2502; baseline -0.002 -17"><span class='ocrx_word' id='word_1_166' title='bbox 258 2422 386 2485; x_wconf 84' lang='lat' dir='ltr'><strong>oati</strong></span> <span class='ocrx_word' id='word_1_167' title='bbox 442 2421 774 2499; x_wconf 89' lang='lat' dir='ltr'><strong>meminit,</strong></span> <span class='ocrx_word' id='word_1_168' title='bbox 832 2421 1005 2502; x_wconf 88' lang='lat' dir='ltr'><strong>quod</strong></span> <span class='ocrx_word' id='word_1_169' title='bbox 1050 2441 1184 2483; x_wconf 94' lang='lat' dir='ltr'><strong>non</strong></span> <span class='ocrx_word' id='word_1_170' title='bbox 1229 2419 1596 2485; x_wconf 86' lang='lat' dir='ltr'><strong>audiverint</strong></span> <span class='ocrx_word' id='word_1_171' title='bbox 1638 2420 1833 2482; x_wconf 91' lang='lat' dir='ltr'><strong>deum</strong></span> <span class='ocrx_word' id='word_1_172' title='bbox 1875 2421 2133 2500; x_wconf 50' lang='lat' dir='ltr'><strong>loquim-</strong></span> 
     </span>
     <span class='ocr_line' id='line_1_25' title="bbox 257 2509 2137 2590; baseline -0.003 -17"><span class='ocrx_word' id='word_1_173' title='bbox 257 2516 393 2573; x_wconf 85' lang='lat' dir='ltr'><strong>tem</strong></span> <span class='ocrx_word' id='word_1_174' title='bbox 412 2560 427 2587; x_wconf 92' lang='lat'><strong>,</strong></span> <span class='ocrx_word' id='word_1_175' title='bbox 498 2510 570 2572; x_wconf 89' lang='lat' dir='ltr'><strong>id</strong></span> <span class='ocrx_word' id='word_1_176' title='bbox 627 2511 804 2572; x_wconf 90' lang='lat' dir='ltr'><strong>enim</strong></span> <span class='ocrx_word' id='word_1_177' title='bbox 865 2509 1185 2574; x_wconf 87' lang='lat' dir='ltr'><strong>eiusmodi</strong></span> <span class='ocrx_word' id='word_1_178' title='bbox 1242 2514 1341 2572; x_wconf 90' lang='lat' dir='ltr'><strong>est</strong></span> <span class='ocrx_word' id='word_1_179' title='bbox 1392 2514 1761 2590; x_wconf 85' lang='lat' dir='ltr'><strong>peecatum,</strong></span> <span class='ocrx_word' id='word_1_180' title='bbox 1851 2514 1925 2572; x_wconf 92' lang='lat' dir='ltr'><strong>ut</strong></span> <span class='ocrx_word' id='word_1_181' title='bbox 2001 2516 2137 2568; x_wconf 65' lang='lat' dir='ltr'><strong>tuta.</strong></span> 
     </span>
     <span class='ocr_line' id='line_1_26' title="bbox 258 2605 761 2680; baseline 0 -19"><span class='ocrx_word' id='word_1_182' title='bbox 258 2619 457 2680; x_wconf 88' lang='lat' dir='ltr'><strong>regna</strong></span> <span class='ocrx_word' id='word_1_183' title='bbox 502 2605 761 2663; x_wconf 86' lang='lat' dir='ltr'><strong>evertat.</strong></span> 
     </span>
    </p>
   </div>
   <div class='ocr_carea' id='block_1_6' title="bbox 1161 2865 1245 2926">
    <p class='ocr_par' dir='ltr' id='par_1_7' title="bbox 1161 2865 1245 2926">
     <span class='ocr_line' id='line_1_27' title="bbox 1161 2865 1245 2926; baseline 0 0"><span class='ocrx_word' id='word_1_184' title='bbox 1161 2865 1245 2926; x_wconf 90' lang='lat' dir='ltr'><strong>X.</strong></span> 
     </span>
    </p>
   </div>
   <div class='ocr_carea' id='block_1_7' title="bbox 346 2978 2133 3141">
    <p class='ocr_par' dir='ltr' id='par_1_8' title="bbox 346 2978 2133 3141">
     <span class='ocr_line' id='line_1_28' title="bbox 346 2978 2133 3098; baseline -0.002 -46"><span class='ocrx_word' id='word_1_185' title='bbox 346 2978 623 3098; x_wconf 74' lang='lat' dir='ltr'><strong>Israel</strong></span> <span class='ocrx_word' id='word_1_186' title='bbox 691 2995 811 3052; x_wconf 91' lang='lat' dir='ltr'><strong>est</strong></span> <span class='ocrx_word' id='word_1_187' title='bbox 875 2987 1071 3090; x_wconf 74' lang='lat' dir='ltr'><strong>vitis</strong></span> <span class='ocrx_word' id='word_1_188' title='bbox 1141 2987 1492 3071; x_wconf 88' lang='lat' dir='ltr'><strong>direpta,</strong></span> <span class='ocrx_word' id='word_1_189' title='bbox 1564 2986 1750 3048; x_wconf 88' lang='lat' dir='ltr'><strong>talis</strong></span> <span class='ocrx_word' id='word_1_190' title='bbox 1819 3006 2133 3066; x_wconf 67' lang='lat' dir='ltr'><strong>qusque</strong></span> 
     </span>
     <span class='ocr_line' id='line_1_29' title="bbox 448 3078 1739 3141; baseline -0.005 0"><span class='ocrx_word' id='word_1_191' title='bbox 448 3084 568 3141; x_wconf 91' lang='lat' dir='ltr'><strong>est</strong></span> <span class='ocrx_word' id='word_1_192' title='bbox 612 3078 919 3140; x_wconf 85' lang='lat' dir='ltr'><strong>fruetus</strong></span> <span class='ocrx_word' id='word_1_193' title='bbox 967 3096 1157 3139; x_wconf 81' lang='lat' dir='ltr'><strong>eius.</strong></span> <span class='ocrx_word' id='word_1_194' title='bbox 1732 3106 1739 3114; x_wconf 88' lang='lat'>·</span> 
     </span>
    </p>
   </div>
   <div class='ocr_carea' id='block_1_8' title="bbox 268 3232 2137 3674">
    <p class='ocr_par' dir='ltr' id='par_1_9' title="bbox 268 3232 2133 3348">
     <span class='ocr_line' id='line_1_30' title="bbox 268 3232 2133 3348; baseline -0.001 -50"><span class='ocrx_word' id='word_1_195' title='bbox 268 3232 592 3348; x_wconf 81' lang='lat' dir='ltr'><strong>¹Vsitata</strong></span> <span class='ocrx_word' id='word_1_196' title='bbox 634 3237 841 3317; x_wconf 87' lang='lat' dir='ltr'><strong>figura</strong></span> <span class='ocrx_word' id='word_1_197' title='bbox 883 3238 956 3300; x_wconf 94' lang='lat' dir='ltr'><strong>in</strong></span> <span class='ocrx_word' id='word_1_198' title='bbox 1013 3235 1344 3318; x_wconf 89' lang='lat' dir='ltr'><strong>prophetis</strong></span> <span class='ocrx_word' id='word_1_199' title='bbox 1406 3240 1533 3312; x_wconf 88' lang='lat' dir='ltr'><strong>est,</strong></span> <span class='ocrx_word' id='word_1_200' title='bbox 1594 3235 1768 3316; x_wconf 91' lang='lat' dir='ltr'><strong>quod</strong></span> <span class='ocrx_word' id='word_1_201' title='bbox 1822 3236 2133 3316; x_wconf 72' lang='lat' dir='ltr'><strong>populum</strong></span> 
     </span>
    </p>

    <p class='ocr_par' dir='ltr' id='par_1_10' title="bbox 310 3324 2137 3674">
     <span class='ocr_line' id='line_1_31' title="bbox 438 3324 2137 3406; baseline -0.003 -17"><span class='ocrx_word' id='word_1_202' title='bbox 438 3332 737 3389; x_wconf 86' lang='lat' dir='ltr'><strong>sanetum</strong></span> <span class='ocrx_word' id='word_1_203' title='bbox 782 3331 1157 3406; x_wconf 85' lang='lat' dir='ltr'><strong>comparant</strong></span> <span class='ocrx_word' id='word_1_204' title='bbox 1200 3327 1444 3403; x_wconf 88' lang='lat' dir='ltr'><strong>vineae,</strong></span> <span class='ocrx_word' id='word_1_205' title='bbox 1493 3324 1575 3388; x_wconf 91' lang='lat' dir='ltr'><strong>ob</strong></span> <span class='ocrx_word' id='word_1_206' title='bbox 1623 3329 1874 3388; x_wconf 82' lang='lat' dir='ltr'><strong>sanctos</strong></span> <span class='ocrx_word' id='word_1_207' title='bbox 1921 3332 1985 3384; x_wconf 72' lang='lat' dir='ltr'><strong>et·</strong></span> <span class='ocrx_word' id='word_1_208' title='bbox 2017 3324 2137 3384; x_wconf 63' lang='lat' dir='ltr'><strong>dez]</strong></span> 
     </span>
     <span class='ocr_line' id='line_1_32' title="bbox 310 3411 2137 3495; baseline -0.003 -17"><span class='ocrx_word' id='word_1_209' title='bbox 310 3421 473 3479; x_wconf 80' lang='lat' dir='ltr'><strong>ratos</strong></span> <span class='ocrx_word' id='word_1_210' title='bbox 519 3415 794 3491; x_wconf 50' lang='lat' dir='ltr'><strong>fructum</strong></span> <span class='ocrx_word' id='word_1_211' title='bbox 857 3416 971 3495; x_wconf 90' lang='lat' dir='ltr'><strong>qui</strong></span> <span class='ocrx_word' id='word_1_212' title='bbox 1017 3420 1375 3495; x_wconf 88' lang='lat' dir='ltr'><strong>sequuntur</strong></span> <span class='ocrx_word' id='word_1_213' title='bbox 1417 3414 1688 3478; x_wconf 89' lang='lat' dir='ltr'><strong>verbum</strong></span> <span class='ocrx_word' id='word_1_214' title='bbox 1743 3411 1866 3474; x_wconf 88' lang='lat' dir='ltr'><strong>dei.</strong></span> <span class='ocrx_word' id='word_1_215' title='bbox 1961 3412 2137 3472; x_wconf 62' lang='lat' dir='ltr'><strong>Sicut</strong></span> 
     </span>
     <span class='ocr_line' id='line_1_33' title="bbox 310 3501 2137 3583; baseline -0.004 -16"><span class='ocrx_word' id='word_1_216' title='bbox 310 3510 481 3567; x_wconf 84' lang='lat' dir='ltr'><strong>utem</strong></span> <span class='ocrx_word' id='word_1_217' title='bbox 512 3503 738 3566; x_wconf 88' lang='lat' dir='ltr'><strong>Esaias</strong></span> <span class='ocrx_word' id='word_1_218' title='bbox 784 3509 851 3567; x_wconf 91' lang='lat' dir='ltr'><strong>et</strong></span> <span class='ocrx_word' id='word_1_219' title='bbox 877 3502 1126 3566; x_wconf 84' lang='lat' dir='ltr'><strong>Miehas</strong></span> <span class='ocrx_word' id='word_1_220' title='bbox 1172 3508 1528 3583; x_wconf 88' lang='lat' dir='ltr'><strong>queruntur</strong></span> <span class='ocrx_word' id='word_1_221' title='bbox 1573 3501 1653 3564; x_wconf 88' lang='lat' dir='ltr'><strong>de</strong></span> <span class='ocrx_word' id='word_1_222' title='bbox 1701 3501 1804 3564; x_wconf 88' lang='lat' dir='ltr'><strong>sui</strong></span> <span class='ocrx_word' id='word_1_223' title='bbox 1831 3504 2137 3580; x_wconf 64' lang='lat' dir='ltr'><strong>temporis</strong></span> 
     </span>
     <span class='ocr_line' id='line_1_34' title="bbox 310 3589 2137 3674; baseline -0.002 -19"><span class='ocrx_word' id='word_1_224' title='bbox 310 3593 519 3674; x_wconf 84' lang='lat' dir='ltr'><strong>opu10,</strong></span> <span class='ocrx_word' id='word_1_225' title='bbox 567 3593 708 3655; x_wconf 85' lang='grc'><strong>1000</strong></span> <span class='ocrx_word' id='word_1_226' title='bbox 752 3613 1027 3656; x_wconf 85' lang='lat' dir='ltr'><strong>uvarum</strong></span> <span class='ocrx_word' id='word_1_227' title='bbox 1059 3591 1241 3658; x_wconf 83' lang='lat' dir='ltr'><strong>nasei</strong></span> <span class='ocrx_word' id='word_1_228' title='bbox 1269 3592 1614 3667; x_wconf 81' lang='lat' dir='ltr'><strong>labruscas,</strong></span> <span class='ocrx_word' id='word_1_229' title='bbox 1662 3591 1757 3653; x_wconf 91' lang='lat' dir='ltr'><strong>ita</strong></span> <span class='ocrx_word' id='word_1_230' title='bbox 1784 3589 2001 3654; x_wconf 70' lang='lat' dir='ltr'><strong>Hosea</strong></span> <span class='ocrx_word' id='word_1_231' title='bbox 2029 3592 2137 3652; x_wconf 72' lang='lat' dir='ltr'><strong>hie</strong></span> 
     </span>
    </p>
   </div>
   <div class='ocr_carea' id='block_1_9' title="bbox 318 3717 694 3726">
    <p class='ocr_par' dir='ltr' id='par_1_11' title="bbox 318 3717 694 3726">
     <span class='ocr_line' id='line_1_35' title="bbox 318 3717 694 3726; baseline 0 0"><span class='ocrx_word' id='word_1_232' title='bbox 318 3717 694 3726; x_wconf 95' lang='lat' dir='ltr'><strong> </strong></span> 
     </span>
    </p>
   </div>
   <div class='ocr_carea' id='block_1_10' title="bbox 440 3765 1577 3836">
    <p class='ocr_par' dir='ltr' id='par_1_12' title="bbox 440 3765 1577 3836">
     <span class='ocr_line' id='line_1_36' title="bbox 440 3765 1577 3836; baseline -0.001 -16"><span class='ocrx_word' id='word_1_233' title='bbox 440 3767 497 3836; x_wconf 91' lang='lat'><strong>1)</strong></span> <span class='ocrx_word' id='word_1_234' title='bbox 534 3767 792 3836; x_wconf 89' lang='lat' dir='ltr'><strong>Populus</strong></span> <span class='ocrx_word' id='word_1_235' title='bbox 828 3765 922 3820; x_wconf 87' lang='lat' dir='ltr'><strong>dei</strong></span> <span class='ocrx_word' id='word_1_236' title='bbox 956 3765 1161 3822; x_wconf 87' lang='lat' dir='ltr'><strong>vineae</strong></span> <span class='ocrx_word' id='word_1_237' title='bbox 1198 3770 1577 3834; x_wconf 85' lang='lat' dir='ltr'><strong>comparatus.</strong></span> 
     </span>
    </p>
   </div>
  </div>
 </body>
</html>
