<?xml version="1.0" encoding="UTF-8"?>
<!DOCTYPE html PUBLIC "-//W3C//DTD XHTML 1.0 Transitional//EN"
    "http://www.w3.org/TR/xhtml1/DTD/xhtml1-transitional.dtd">
<html xmlns="http://www.w3.org/1999/xhtml" xml:lang="en" lang="en">
 <head>
  <title>
</title>
<meta http-equiv="Content-Type" content="text/html;charset=utf-8" />
  <meta name='ocr-system' content='tesseract 3.04.00' />
  <meta name='ocr-capabilities' content='ocr_page ocr_carea ocr_par ocr_line ocrx_word'/>
</head>
<body>
  <div class='ocr_page' id='page_1' title='image "./exegeticaoperal13luthgoog_0451.png"; bbox 0 0 2575 4225; ppageno 0'>
   <div class='ocr_carea' id='block_1_1' title="bbox 207 214 853 297">
    <p class='ocr_par' dir='ltr' id='par_1_1' title="bbox 207 214 853 297">
     <span class='ocr_line' id='line_1_1' title="bbox 207 214 853 297; baseline 0.003 -20"><span class='ocrx_word' id='word_1_1' title='bbox 207 215 273 277; x_wconf 74' lang='lat'>440</span> <span class='ocrx_word' id='word_1_2' title='bbox 500 215 604 297; x_wconf 86' lang='lat' dir='ltr'>Caput</span> <span class='ocrx_word' id='word_1_3' title='bbox 625 214 853 279; x_wconf 86' lang='lat' dir='ltr'>duodecimum</span> 
     </span>
    </p>
   </div>
   <div class='ocr_carea' id='block_1_2' title="bbox 206 385 1196 1535">
    <p class='ocr_par' dir='ltr' id='par_1_2' title="bbox 206 385 1150 902">
     <span class='ocr_line' id='line_1_2' title="bbox 207 385 1144 475; baseline -0.005 -16"><span class='ocrx_word' id='word_1_4' title='bbox 207 416 241 459; x_wconf 90' lang='lat' dir='ltr'>se</span> <span class='ocrx_word' id='word_1_5' title='bbox 264 392 457 459; x_wconf 84' lang='lat' dir='ltr'>sustentavit</span> <span class='ocrx_word' id='word_1_6' title='bbox 480 412 517 455; x_wconf 94' lang='lat' dir='ltr'>ac</span> <span class='ocrx_word' id='word_1_7' title='bbox 539 393 625 457; x_wconf 82' lang='lat' dir='ltr'>vicit.</span> <span class='ocrx_word' id='word_1_8' title='bbox 672 394 724 456; x_wconf 89' lang='lat' dir='ltr'>lta</span> <span class='ocrx_word' id='word_1_9' title='bbox 745 398 829 475; x_wconf 87' lang='lat' dir='ltr'>post,</span> <span class='ocrx_word' id='word_1_10' title='bbox 853 392 937 455; x_wconf 90' lang='lat' dir='ltr'>sicut</span> <span class='ocrx_word' id='word_1_11' title='bbox 951 391 1051 455; x_wconf 81' lang='lat' dir='ltr'>Gens.</span> <span class='ocrx_word' id='word_1_12' title='bbox 1070 385 1144 454; x_wconf 84' lang='lat'><strong>35.¹</strong></span> 
     </span>
     <span class='ocr_line' id='line_1_3' title="bbox 208 480 1145 564; baseline -0.005 -16"><span class='ocrx_word' id='word_1_13' title='bbox 208 485 372 560; x_wconf 80' lang='lat' dir='ltr'>scribitur,</span> <span class='ocrx_word' id='word_1_14' title='bbox 401 481 572 563; x_wconf 81' lang='lat' dir='ltr'>promissio</span> <span class='ocrx_word' id='word_1_15' title='bbox 594 482 657 545; x_wconf 88' lang='lat' dir='ltr'>hoc</span> <span class='ocrx_word' id='word_1_16' title='bbox 679 482 751 564; x_wconf 90' lang='lat' dir='ltr'>ipso</span> <span class='ocrx_word' id='word_1_17' title='bbox 774 482 810 545; x_wconf 92' lang='lat' dir='ltr'>in</span> <span class='ocrx_word' id='word_1_18' title='bbox 831 482 900 544; x_wconf 91' lang='lat' dir='ltr'>loco</span> <span class='ocrx_word' id='word_1_19' title='bbox 923 480 1061 561; x_wconf 89' lang='lat' dir='ltr'>repetita</span> <span class='ocrx_word' id='word_1_20' title='bbox 1087 486 1145 557; x_wconf 86' lang='lat' dir='ltr'>est,</span> 
     </span>
     <span class='ocr_line' id='line_1_4' title="bbox 208 568 1147 637; baseline -0.006 0"><span class='ocrx_word' id='word_1_21' title='bbox 208 580 241 637; x_wconf 90' lang='lat' dir='ltr'>et</span> <span class='ocrx_word' id='word_1_22' title='bbox 254 572 350 635; x_wconf 87' lang='lat' dir='ltr'>Iacob</span> <span class='ocrx_word' id='word_1_23' title='bbox 373 571 447 633; x_wconf 89' lang='lat' dir='ltr'>ideo</span> <span class='ocrx_word' id='word_1_24' title='bbox 468 570 571 632; x_wconf 86' lang='lat' dir='ltr'>erexit</span> <span class='ocrx_word' id='word_1_25' title='bbox 592 591 633 633; x_wconf 88' lang='lat' dir='ltr'>ex</span> <span class='ocrx_word' id='word_1_26' title='bbox 657 571 782 635; x_wconf 90' lang='lat' dir='ltr'>domini</span> <span class='ocrx_word' id='word_1_27' title='bbox 804 570 893 633; x_wconf 88' lang='lat' dir='ltr'>iussu</span> <span class='ocrx_word' id='word_1_28' title='bbox 916 570 1024 633; x_wconf 81' lang='lat' dir='ltr'>altare.</span> <span class='ocrx_word' id='word_1_29' title='bbox 1071 568 1147 632; x_wconf 80' lang='lat' dir='ltr'>Sen-</span> 
     </span>
     <span class='ocr_line' id='line_1_5' title="bbox 207 658 1147 740; baseline -0.005 -15"><span class='ocrx_word' id='word_1_30' title='bbox 207 662 309 725; x_wconf 87' lang='lat' dir='ltr'>tentia</span> <span class='ocrx_word' id='word_1_31' title='bbox 330 660 429 740; x_wconf 83' lang='lat' dir='ltr'>igitur</span> <span class='ocrx_word' id='word_1_32' title='bbox 451 664 509 734; x_wconf 90' lang='lat' dir='ltr'>est,</span> <span class='ocrx_word' id='word_1_33' title='bbox 533 659 568 720; x_wconf 90' lang='lat' dir='ltr'>in</span> <span class='ocrx_word' id='word_1_34' title='bbox 589 660 673 722; x_wconf 91' lang='lat' dir='ltr'>Beth</span> <span class='ocrx_word' id='word_1_35' title='bbox 696 660 736 721; x_wconf 84' lang='lat' dir='ltr'>El</span> <span class='ocrx_word' id='word_1_36' title='bbox 758 659 882 724; x_wconf 89' lang='lat' dir='ltr'>invenit</span> <span class='ocrx_word' id='word_1_37' title='bbox 897 678 982 735; x_wconf 88' lang='lat' dir='ltr'>sum,</span> <span class='ocrx_word' id='word_1_38' title='bbox 1005 658 1070 721; x_wconf 91' lang='lat' dir='ltr'>hoc</span> <span class='ocrx_word' id='word_1_39' title='bbox 1087 663 1147 735; x_wconf 87' lang='lat' dir='ltr'>est,</span> 
     </span>
     <span class='ocr_line' id='line_1_6' title="bbox 206 746 1150 830; baseline -0.003 -18"><span class='ocrx_word' id='word_1_40' title='bbox 206 750 254 814; x_wconf 90' lang='lat' dir='ltr'>ibi</span> <span class='ocrx_word' id='word_1_41' title='bbox 279 748 416 830; x_wconf 83' lang='lat' dir='ltr'>repetita</span> <span class='ocrx_word' id='word_1_42' title='bbox 441 752 491 811; x_wconf 89' lang='lat' dir='ltr'>est</span> <span class='ocrx_word' id='word_1_43' title='bbox 520 748 705 829; x_wconf 82' lang='lat' dir='ltr'>promissio,</span> <span class='ocrx_word' id='word_1_44' title='bbox 736 754 769 811; x_wconf 92' lang='lat' dir='ltr'>et</span> <span class='ocrx_word' id='word_1_45' title='bbox 795 747 955 811; x_wconf 74' lang='lat' dir='ltr'>intellexit</span> <span class='ocrx_word' id='word_1_46' title='bbox 984 746 1082 811; x_wconf 89' lang='lat' dir='ltr'>Iacob</span> <span class='ocrx_word' id='word_1_47' title='bbox 1113 767 1150 809; x_wconf 84' lang='lat' dir='ltr'>se</span> 
     </span>
     <span class='ocr_line' id='line_1_7' title="bbox 208 836 619 902; baseline -0.005 -1"><span class='ocrx_word' id='word_1_48' title='bbox 208 858 274 902; x_wconf 93' lang='lat' dir='ltr'>non</span> <span class='ocrx_word' id='word_1_49' title='bbox 296 839 415 901; x_wconf 85' lang='lat' dir='ltr'>frustra</span> <span class='ocrx_word' id='word_1_50' title='bbox 437 836 619 900; x_wconf 77' lang='lat' dir='ltr'>credidisse.</span> 
     </span>
    </p>

    <p class='ocr_par' dir='ltr' id='par_1_3' title="bbox 208 924 1196 1535">
     <span class='ocr_line' id='line_1_8' title="bbox 297 924 1150 1007; baseline -0.001 -19"><span class='ocrx_word' id='word_1_51' title='bbox 297 926 406 989; x_wconf 83' lang='lat' dir='ltr'>Habet</span> <span class='ocrx_word' id='word_1_52' title='bbox 427 931 536 989; x_wconf 87' lang='lat' dir='ltr'>autem</span> <span class='ocrx_word' id='word_1_53' title='bbox 557 926 620 989; x_wconf 91' lang='lat' dir='ltr'>loci</span> <span class='ocrx_word' id='word_1_54' title='bbox 643 925 815 1007; x_wconf 79' lang='lat' dir='ltr'>appellatio</span> <span class='ocrx_word' id='word_1_55' title='bbox 838 926 936 989; x_wconf 89' lang='lat' dir='ltr'>etiam</span> <span class='ocrx_word' id='word_1_56' title='bbox 958 924 1150 1001; x_wconf 75' lang='lat' dir='ltr'>antithesin,</span> 
     </span>
     <span class='ocr_line' id='line_1_9' title="bbox 208 1013 1149 1097; baseline -0.004 -18"><span class='ocrx_word' id='word_1_57' title='bbox 208 1036 274 1097; x_wconf 87' lang='lat' dir='ltr'>qua</span> <span class='ocrx_word' id='word_1_58' title='bbox 295 1016 413 1097; x_wconf 82' lang='lat' dir='ltr'>pungit</span> <span class='ocrx_word' id='word_1_59' title='bbox 434 1014 595 1091; x_wconf 86' lang='lat' dir='ltr'>idolatras,</span> <span class='ocrx_word' id='word_1_60' title='bbox 620 1014 714 1095; x_wconf 88' lang='lat' dir='ltr'>quasi</span> <span class='ocrx_word' id='word_1_61' title='bbox 736 1014 838 1077; x_wconf 85' lang='lat' dir='ltr'>dicat:</span> <span class='ocrx_word' id='word_1_62' title='bbox 864 1014 959 1089; x_wconf 78' lang='lat' dir='ltr'>Quod</span> <span class='ocrx_word' id='word_1_63' title='bbox 975 1013 1149 1077; x_wconf 85' lang='lat' dir='ltr'>dissimiles</span> 
     </span>
     <span class='ocr_line' id='line_1_10' title="bbox 209 1102 1149 1185; baseline -0.002 -18"><span class='ocrx_word' id='word_1_64' title='bbox 209 1105 286 1169; x_wconf 86' lang='lat' dir='ltr'>ostis</span> <span class='ocrx_word' id='word_1_65' title='bbox 309 1112 438 1185; x_wconf 87' lang='lat' dir='ltr'>patrum</span> <span class='ocrx_word' id='word_1_66' title='bbox 461 1105 660 1168; x_wconf 75' lang='lat' dir='ltr'>vestrorum?</span> <span class='ocrx_word' id='word_1_67' title='bbox 683 1103 874 1168; x_wconf 86' lang='lat' dir='ltr'>Aedificavit</span> <span class='ocrx_word' id='word_1_68' title='bbox 887 1102 983 1166; x_wconf 88' lang='lat' dir='ltr'>Incob</span> <span class='ocrx_word' id='word_1_69' title='bbox 1006 1102 1043 1165; x_wconf 90' lang='lat' dir='ltr'>in</span> <span class='ocrx_word' id='word_1_70' title='bbox 1065 1102 1149 1165; x_wconf 89' lang='lat' dir='ltr'>Beth</span> 
     </span>
     <span class='ocr_line' id='line_1_11' title="bbox 208 1191 1196 1280; baseline -0.003 -24"><span class='ocrx_word' id='word_1_71' title='bbox 208 1194 249 1256; x_wconf 83' lang='lat' dir='ltr'>El</span> <span class='ocrx_word' id='word_1_72' title='bbox 275 1195 388 1269; x_wconf 85' lang='lat' dir='ltr'>altare,</span> <span class='ocrx_word' id='word_1_73' title='bbox 417 1192 474 1255; x_wconf 88' lang='lat' dir='ltr'>scd</span> <span class='ocrx_word' id='word_1_74' title='bbox 501 1192 609 1255; x_wconf 90' lang='lat' dir='ltr'>iussus</span> <span class='ocrx_word' id='word_1_75' title='bbox 638 1214 659 1255; x_wconf 96' lang='lat' dir='ltr'>a</span> <span class='ocrx_word' id='word_1_76' title='bbox 687 1192 758 1256; x_wconf 87' lang='lat' dir='ltr'>deo.</span> <span class='ocrx_word' id='word_1_77' title='bbox 804 1194 871 1255; x_wconf 90' lang='lat' dir='ltr'>Vos</span> <span class='ocrx_word' id='word_1_78' title='bbox 900 1192 969 1255; x_wconf 88' lang='lat' dir='ltr'>sine</span> <span class='ocrx_word' id='word_1_79' title='bbox 992 1191 1152 1254; x_wconf 80' lang='lat' dir='ltr'>mandato</span> <span class='ocrx_word' id='word_1_80' title='bbox 1188 1271 1196 1280; x_wconf 69' lang='lat'><strong><em>,</em></strong></span> 
     </span>
     <span class='ocr_line' id='line_1_12' title="bbox 209 1280 1150 1364; baseline -0.003 -19"><span class='ocrx_word' id='word_1_81' title='bbox 209 1282 262 1345; x_wconf 88' lang='lat' dir='ltr'>dei</span> <span class='ocrx_word' id='word_1_82' title='bbox 284 1283 357 1345; x_wconf 86' lang='lat' dir='ltr'>istic</span> <span class='ocrx_word' id='word_1_83' title='bbox 379 1281 526 1345; x_wconf 86' lang='lat' dir='ltr'>erexistis</span> <span class='ocrx_word' id='word_1_84' title='bbox 548 1282 707 1364; x_wconf 86' lang='lat' dir='ltr'>templum</span> <span class='ocrx_word' id='word_1_85' title='bbox 729 1280 839 1346; x_wconf 89' lang='lat' dir='ltr'>vitulo.</span> <span class='ocrx_word' id='word_1_86' title='bbox 885 1282 933 1344; x_wconf 90' lang='lat' dir='ltr'>Ac</span> <span class='ocrx_word' id='word_1_87' title='bbox 962 1300 1038 1343; x_wconf 92' lang='lat' dir='ltr'>cum</span> <span class='ocrx_word' id='word_1_88' title='bbox 1067 1280 1150 1343; x_wconf 85' lang='lat' dir='ltr'>deus</span> 
     </span>
     <span class='ocr_line' id='line_1_13' title="bbox 208 1369 1152 1450; baseline -0.003 -17"><span class='ocrx_word' id='word_1_89' title='bbox 208 1371 244 1433; x_wconf 90' lang='lat' dir='ltr'>in</span> <span class='ocrx_word' id='word_1_90' title='bbox 265 1372 348 1434; x_wconf 91' lang='lat' dir='ltr'>Beth</span> <span class='ocrx_word' id='word_1_91' title='bbox 371 1371 411 1432; x_wconf 84' lang='lat' dir='ltr'>El</span> <span class='ocrx_word' id='word_1_92' title='bbox 437 1370 564 1433; x_wconf 91' lang='lat' dir='ltr'>locutus</span> <span class='ocrx_word' id='word_1_93' title='bbox 593 1370 687 1433; x_wconf 90' lang='lat' dir='ltr'>nobis</span> <span class='ocrx_word' id='word_1_94' title='bbox 715 1369 770 1446; x_wconf 89' lang='lat' dir='ltr'>sit,</span> <span class='ocrx_word' id='word_1_95' title='bbox 802 1375 835 1431; x_wconf 90' lang='lat' dir='ltr'>et</span> <span class='ocrx_word' id='word_1_96' title='bbox 860 1370 1049 1449; x_wconf 83' lang='lat' dir='ltr'>magnificas</span> <span class='ocrx_word' id='word_1_97' title='bbox 1079 1387 1152 1450; x_wconf 82' lang='lat' dir='ltr'>pro·</span> 
     </span>
     <span class='ocr_line' id='line_1_14' title="bbox 208 1457 1153 1535; baseline -0.001 -14"><span class='ocrx_word' id='word_1_98' title='bbox 208 1458 377 1521; x_wconf 88' lang='lat' dir='ltr'>missiones</span> <span class='ocrx_word' id='word_1_99' title='bbox 400 1457 494 1520; x_wconf 91' lang='lat' dir='ltr'>nobis</span> <span class='ocrx_word' id='word_1_100' title='bbox 516 1458 637 1535; x_wconf 85' lang='lat' dir='ltr'>fecerit,</span> <span class='ocrx_word' id='word_1_101' title='bbox 662 1479 717 1522; x_wconf 87' lang='lat' dir='ltr'>cur</span> <span class='ocrx_word' id='word_1_102' title='bbox 739 1459 893 1523; x_wconf 87' lang='lat' dir='ltr'>vertimur</span> <span class='ocrx_word' id='word_1_103' title='bbox 915 1478 976 1521; x_wconf 89' lang='lat' dir='ltr'>nos</span> <span class='ocrx_word' id='word_1_104' title='bbox 998 1458 1040 1521; x_wconf 89' lang='lat' dir='ltr'>ad</span> <span class='ocrx_word' id='word_1_105' title='bbox 1056 1464 1153 1521; x_wconf 87' lang='lat' dir='ltr'>muta</span> 
     </span>
    </p>
   </div>
   <div class='ocr_carea' id='block_1_3' title="bbox 207 1545 1152 1611">
    <p class='ocr_par' dir='ltr' id='par_1_4' title="bbox 207 1545 1152 1611">
     <span class='ocr_line' id='line_1_15' title="bbox 207 1545 1152 1611; baseline 0 -2"><span class='ocrx_word' id='word_1_106' title='bbox 207 1545 317 1609; x_wconf 80' lang='lat' dir='ltr'>idola?</span> <span class='ocrx_word' id='word_1_107' title='bbox 352 1546 415 1608; x_wconf 75' lang='lat' dir='ltr'>Gur</span> <span class='ocrx_word' id='word_1_108' title='bbox 436 1547 534 1610; x_wconf 88' lang='lat' dir='ltr'>verbo</span> <span class='ocrx_word' id='word_1_109' title='bbox 555 1566 623 1609; x_wconf 91' lang='lat' dir='ltr'>non</span> <span class='ocrx_word' id='word_1_110' title='bbox 646 1547 866 1611; x_wconf 81' lang='lat' dir='ltr'>attendimus?</span> <span class='ocrx_word' id='word_1_111' title='bbox 896 1548 949 1610; x_wconf 86' lang='lat' dir='ltr'>Ad</span> <span class='ocrx_word' id='word_1_112' title='bbox 970 1548 1060 1609; x_wconf 89' lang='lat' dir='ltr'>huno</span> <span class='ocrx_word' id='word_1_113' title='bbox 1082 1566 1152 1609; x_wconf 90' lang='lat' dir='ltr'>mo·</span> 
     </span>
    </p>
   </div>
   <div class='ocr_carea' id='block_1_4' title="bbox 23 1634 1102 1720">
    <p class='ocr_par' dir='ltr' id='par_1_5' title="bbox 23 1634 1102 1720">
     <span class='ocr_line' id='line_1_16' title="bbox 23 1634 1102 1720; baseline 0 -23"><span class='ocrx_word' id='word_1_114' title='bbox 23 1634 27 1637; x_wconf 74' lang='grc'><strong>’</strong></span> <span class='ocrx_word' id='word_1_115' title='bbox 118 1707 121 1712; x_wconf 24' lang='lat'><strong>⁴</strong></span> <span class='ocrx_word' id='word_1_116' title='bbox 209 1634 289 1697; x_wconf 93' lang='lat' dir='ltr'>dum</span> <span class='ocrx_word' id='word_1_117' title='bbox 311 1634 468 1716; x_wconf 86' lang='lat' dir='ltr'>propheta</span> <span class='ocrx_word' id='word_1_118' title='bbox 488 1635 610 1715; x_wconf 89' lang='lat' dir='ltr'>ubique</span> <span class='ocrx_word' id='word_1_119' title='bbox 632 1642 725 1720; x_wconf 80' lang='lat' dir='ltr'>notat</span> <span class='ocrx_word' id='word_1_120' title='bbox 746 1636 897 1700; x_wconf 84' lang='lat' dir='ltr'>idolatras</span> <span class='ocrx_word' id='word_1_121' title='bbox 919 1656 957 1701; x_wconf 89' lang='lat' dir='ltr'>ac</span> <span class='ocrx_word' id='word_1_122' title='bbox 975 1636 1102 1717; x_wconf 84' lang='lat' dir='ltr'>pungit.</span> 
     </span>
    </p>
   </div>
   <div class='ocr_carea' id='block_1_5' title="bbox 297 1724 1149 1807">
    <p class='ocr_par' dir='ltr' id='par_1_6' title="bbox 297 1724 1149 1807">
     <span class='ocr_line' id='line_1_17' title="bbox 297 1724 1149 1807; baseline 0.001 -21"><span class='ocrx_word' id='word_1_123' title='bbox 297 1724 378 1800; x_wconf 89' lang='lat' dir='ltr'>Nos,</span> <span class='ocrx_word' id='word_1_124' title='bbox 410 1724 470 1788; x_wconf 86' lang='lat' dir='ltr'>etsi</span> <span class='ocrx_word' id='word_1_125' title='bbox 496 1724 656 1805; x_wconf 85' lang='lat' dir='ltr'>corporale</span> <span class='ocrx_word' id='word_1_126' title='bbox 680 1726 859 1807; x_wconf 90' lang='lat' dir='ltr'>periculum</span> <span class='ocrx_word' id='word_1_127' title='bbox 880 1745 947 1789; x_wconf 90' lang='lat' dir='ltr'>non</span> <span class='ocrx_word' id='word_1_128' title='bbox 977 1725 1149 1800; x_wconf 87' lang='lat' dir='ltr'>sentimus,</span> 
     </span>
    </p>
   </div>
   <div class='ocr_carea' id='block_1_6' title="bbox 208 1814 1273 2073">
    <p class='ocr_par' dir='ltr' id='par_1_7' title="bbox 208 1814 1273 2077">
     <span class='ocr_line' id='line_1_18' title="bbox 208 1814 1273 1895; baseline 0 -20"><span class='ocrx_word' id='word_1_129' title='bbox 208 1818 319 1875; x_wconf 86' lang='lat' dir='ltr'>tamen</span> <span class='ocrx_word' id='word_1_130' title='bbox 341 1814 429 1875; x_wconf 90' lang='lat' dir='ltr'>hunc</span> <span class='ocrx_word' id='word_1_131' title='bbox 456 1814 656 1894; x_wconf 88' lang='lat' dir='ltr'>spiritualem</span> <span class='ocrx_word' id='word_1_132' title='bbox 683 1834 820 1894; x_wconf 85' lang='lat' dir='ltr'>agonem</span> <span class='ocrx_word' id='word_1_133' title='bbox 851 1814 989 1895; x_wconf 88' lang='lat' dir='ltr'>experiri</span> <span class='ocrx_word' id='word_1_134' title='bbox 1018 1833 1151 1876; x_wconf 85' lang='lat' dir='ltr'>necesse</span> <span class='ocrx_word' id='word_1_135' title='bbox 1271 1832 1273 1845; x_wconf 71' lang='lat'>¹</span> 
     </span>
     <span class='ocr_line' id='line_1_19' title="bbox 209 1902 1273 1989; baseline -0.001 -25"><span class='ocrx_word' id='word_1_136' title='bbox 209 1908 266 1965; x_wconf 88' lang='lat' dir='ltr'>est.</span> <span class='ocrx_word' id='word_1_137' title='bbox 313 1902 445 1975; x_wconf 75' lang='lat' dir='ltr'>Quoties</span> <span class='ocrx_word' id='word_1_138' title='bbox 468 1902 556 1965; x_wconf 87' lang='lat' dir='ltr'>enim</span> <span class='ocrx_word' id='word_1_139' title='bbox 578 1908 742 1965; x_wconf 86' lang='lat' dir='ltr'>tentamur</span> <span class='ocrx_word' id='word_1_140' title='bbox 771 1903 811 1965; x_wconf 86' lang='lat' dir='ltr'>do</span> <span class='ocrx_word' id='word_1_141' title='bbox 838 1902 977 1984; x_wconf 87' lang='lat' dir='ltr'>peccatis</span> <span class='ocrx_word' id='word_1_142' title='bbox 1004 1902 1152 1965; x_wconf 75' lang='lat' dir='ltr'>nostris?</span> <span class='ocrx_word' id='word_1_143' title='bbox 1271 1916 1273 1989; x_wconf 65' lang='grc' dir='ltr'>ξ</span> 
     </span>
     <span class='ocr_line' id='line_1_20' title="bbox 210 1990 1151 2073; baseline 0 -20"><span class='ocrx_word' id='word_1_144' title='bbox 210 1990 343 2064; x_wconf 77' lang='lat' dir='ltr'>Quoties</span> <span class='ocrx_word' id='word_1_145' title='bbox 366 1991 523 2066; x_wconf 87' lang='lat' dir='ltr'>sentimus</span> <span class='ocrx_word' id='word_1_146' title='bbox 546 1992 628 2053; x_wconf 84' lang='lat' dir='ltr'>iram</span> <span class='ocrx_word' id='word_1_147' title='bbox 651 1991 728 2054; x_wconf 78' lang='lat' dir='ltr'>dei?</span> <span class='ocrx_word' id='word_1_148' title='bbox 763 1992 863 2073; x_wconf 78' lang='lat' dir='ltr'>Saepe</span> <span class='ocrx_word' id='word_1_149' title='bbox 887 1991 985 2057; x_wconf 81' lang='lat' dir='ltr'>Satan</span> <span class='ocrx_word' id='word_1_150' title='bbox 1007 2011 1049 2053; x_wconf 89' lang='lat' dir='ltr'>ex</span> <span class='ocrx_word' id='word_1_151' title='bbox 1074 1991 1151 2072; x_wconf 91' lang='lat' dir='ltr'>ipso</span> 
     </span>
    </p>
   </div>
   <div class='ocr_carea' id='block_1_7' title="bbox 207 2079 1152 2697">
    <p class='ocr_par' dir='ltr' id='par_1_8' title="bbox 207 2079 1152 2697">
     <span class='ocr_line' id='line_1_21' title="bbox 208 2079 1152 2145; baseline -0.001 -1"><span class='ocrx_word' id='word_1_152' title='bbox 208 2079 305 2144; x_wconf 86' lang='lat' dir='ltr'>verbo</span> <span class='ocrx_word' id='word_1_153' title='bbox 344 2079 396 2143; x_wconf 88' lang='lat' dir='ltr'>dei</span> <span class='ocrx_word' id='word_1_154' title='bbox 434 2080 527 2144; x_wconf 90' lang='lat' dir='ltr'>nobis</span> <span class='ocrx_word' id='word_1_155' title='bbox 565 2080 704 2144; x_wconf 87' lang='lat' dir='ltr'>intentat</span> <span class='ocrx_word' id='word_1_156' title='bbox 742 2086 887 2145; x_wconf 82' lang='lat' dir='ltr'>aeternos</span> <span class='ocrx_word' id='word_1_157' title='bbox 922 2081 1081 2144; x_wconf 80' lang='lat' dir='ltr'>cruciatus</span> <span class='ocrx_word' id='word_1_158' title='bbox 1116 2084 1152 2143; x_wconf 86' lang='lat' dir='ltr'>et</span> 
     </span>
     <span class='ocr_line' id='line_1_22' title="bbox 209 2167 1149 2245; baseline 0.003 -16"><span class='ocrx_word' id='word_1_159' title='bbox 209 2167 461 2245; x_wconf 87' lang='lat' dir='ltr'>damnationem,</span> <span class='ocrx_word' id='word_1_160' title='bbox 486 2170 566 2232; x_wconf 91' lang='lat' dir='ltr'>dum</span> <span class='ocrx_word' id='word_1_161' title='bbox 588 2190 655 2232; x_wconf 90' lang='lat' dir='ltr'>non</span> <span class='ocrx_word' id='word_1_162' title='bbox 678 2171 784 2233; x_wconf 90' lang='lat' dir='ltr'>solum</span> <span class='ocrx_word' id='word_1_163' title='bbox 805 2176 902 2234; x_wconf 87' lang='lat' dir='ltr'>terret</span> <span class='ocrx_word' id='word_1_164' title='bbox 921 2171 1047 2234; x_wconf 83' lang='lat' dir='ltr'>animos</span> <span class='ocrx_word' id='word_1_165' title='bbox 1064 2190 1149 2232; x_wconf 90' lang='lat' dir='ltr'>com·</span> 
     </span>
     <span class='ocr_line' id='line_1_23' title="bbox 208 2255 1151 2340; baseline 0.001 -21"><span class='ocrx_word' id='word_1_166' title='bbox 208 2255 442 2321; x_wconf 89' lang='lat' dir='ltr'>minationibus</span> <span class='ocrx_word' id='word_1_167' title='bbox 468 2259 564 2338; x_wconf 88' lang='lat' dir='ltr'>legis,</span> <span class='ocrx_word' id='word_1_168' title='bbox 595 2259 653 2322; x_wconf 86' lang='lat' dir='ltr'>scd</span> <span class='ocrx_word' id='word_1_169' title='bbox 680 2260 780 2322; x_wconf 88' lang='lat' dir='ltr'>etiam</span> <span class='ocrx_word' id='word_1_170' title='bbox 807 2260 871 2322; x_wconf 88' lang='lat' dir='ltr'>irae</span> <span class='ocrx_word' id='word_1_171' title='bbox 899 2259 1048 2340; x_wconf 85' lang='lat' dir='ltr'>exempla</span> <span class='ocrx_word' id='word_1_172' title='bbox 1078 2278 1151 2340; x_wconf 89' lang='lat' dir='ltr'>pro·</span> 
     </span>
     <span class='ocr_line' id='line_1_24' title="bbox 208 2346 1148 2427; baseline 0.002 -19"><span class='ocrx_word' id='word_1_173' title='bbox 208 2346 309 2427; x_wconf 91' lang='lat' dir='ltr'>ponit.</span> <span class='ocrx_word' id='word_1_174' title='bbox 355 2347 420 2409; x_wconf 90' lang='lat' dir='ltr'>Hic</span> <span class='ocrx_word' id='word_1_175' title='bbox 441 2367 514 2409; x_wconf 87' lang='lat' dir='ltr'>vere</span> <span class='ocrx_word' id='word_1_176' title='bbox 536 2347 697 2411; x_wconf 88' lang='lat' dir='ltr'>luctamur</span> <span class='ocrx_word' id='word_1_177' title='bbox 719 2367 793 2410; x_wconf 92' lang='lat' dir='ltr'>cum</span> <span class='ocrx_word' id='word_1_178' title='bbox 817 2348 886 2424; x_wconf 88' lang='lat' dir='ltr'>deo,</span> <span class='ocrx_word' id='word_1_179' title='bbox 912 2348 995 2411; x_wconf 89' lang='lat' dir='ltr'>siout</span> <span class='ocrx_word' id='word_1_180' title='bbox 1013 2346 1148 2410; x_wconf 83' lang='lat' dir='ltr'>Canani-</span> 
     </span>
     <span class='ocr_line' id='line_1_25' title="bbox 207 2428 1147 2514; baseline 0 -16"><span class='ocrx_word' id='word_1_181' title='bbox 207 2428 280 2511; x_wconf 75' lang='lat' dir='ltr'>tis‚²</span> <span class='ocrx_word' id='word_1_182' title='bbox 308 2455 391 2514; x_wconf 86' lang='lat' dir='ltr'>quae</span> <span class='ocrx_word' id='word_1_183' title='bbox 413 2436 539 2499; x_wconf 88' lang='lat' dir='ltr'>tristem</span> <span class='ocrx_word' id='word_1_184' title='bbox 561 2437 755 2500; x_wconf 90' lang='lat' dir='ltr'>sententiam</span> <span class='ocrx_word' id='word_1_185' title='bbox 778 2458 819 2499; x_wconf 86' lang='lat' dir='ltr'>cx</span> <span class='ocrx_word' id='word_1_186' title='bbox 835 2437 961 2500; x_wconf 84' lang='lat' dir='ltr'>Christo</span> <span class='ocrx_word' id='word_1_187' title='bbox 984 2436 1147 2512; x_wconf 86' lang='lat' dir='ltr'>audiebat,</span> 
     </span>
     <span class='ocr_line' id='line_1_26' title="bbox 209 2525 1151 2604; baseline 0.002 -18"><span class='ocrx_word' id='word_1_188' title='bbox 209 2544 228 2586; x_wconf 87' lang='lat' dir='ltr'>a</span> <span class='ocrx_word' id='word_1_189' title='bbox 256 2543 320 2603; x_wconf 90' lang='lat' dir='ltr'>quo</span> <span class='ocrx_word' id='word_1_190' title='bbox 352 2531 495 2604; x_wconf 86' lang='lat' dir='ltr'>sperarat</span> <span class='ocrx_word' id='word_1_191' title='bbox 522 2526 669 2588; x_wconf 82' lang='lat' dir='ltr'>salutem.</span> <span class='ocrx_word' id='word_1_192' title='bbox 716 2526 758 2594; x_wconf 80' lang='lat' dir='ltr'>Et</span> <span class='ocrx_word' id='word_1_193' title='bbox 790 2531 913 2602; x_wconf 89' lang='lat' dir='ltr'>tamen,</span> <span class='ocrx_word' id='word_1_194' title='bbox 950 2525 978 2589; x_wconf 90' lang='lat' dir='ltr'>si</span> <span class='ocrx_word' id='word_1_195' title='bbox 992 2525 1151 2592; x_wconf 43' lang='lat' dir='ltr'>enitimur</span> 
     </span>
     <span class='ocr_line' id='line_1_27' title="bbox 207 2611 1149 2697; baseline 0.002 -23"><span class='ocrx_word' id='word_1_196' title='bbox 207 2611 475 2690; x_wconf 86' lang='lat' dir='ltr'>promissionibus</span> <span class='ocrx_word' id='word_1_197' title='bbox 503 2614 544 2675; x_wconf 88' lang='lat' dir='ltr'>de</span> <span class='ocrx_word' id='word_1_198' title='bbox 572 2614 712 2690; x_wconf 80' lang='lat' dir='ltr'>Christo,</span> <span class='ocrx_word' id='word_1_199' title='bbox 743 2634 780 2677; x_wconf 90' lang='lat' dir='ltr'>ac</span> <span class='ocrx_word' id='word_1_200' title='bbox 807 2614 1013 2697; x_wconf 78' lang='lat' dir='ltr'>pdrtinaciter</span> <span class='ocrx_word' id='word_1_201' title='bbox 1043 2633 1149 2696; x_wconf 86' lang='lat' dir='ltr'>spera·</span> 
     </span>
    </p>
   </div>
   <div class='ocr_carea' id='block_1_8' title="bbox 207 2698 1273 2784">
    <p class='ocr_par' dir='ltr' id='par_1_9' title="bbox 207 2698 1273 2784">
     <span class='ocr_line' id='line_1_28' title="bbox 207 2698 1273 2784; baseline 0.01 -27"><span class='ocrx_word' id='word_1_202' title='bbox 207 2717 296 2772; x_wconf 91' lang='lat' dir='ltr'>mus,</span> <span class='ocrx_word' id='word_1_203' title='bbox 329 2698 427 2760; x_wconf 89' lang='lat' dir='ltr'>deum</span> <span class='ocrx_word' id='word_1_204' title='bbox 449 2701 543 2762; x_wconf 89' lang='lat' dir='ltr'>nobis</span> <span class='ocrx_word' id='word_1_205' title='bbox 565 2708 696 2781; x_wconf 89' lang='lat' dir='ltr'>propter</span> <span class='ocrx_word' id='word_1_206' title='bbox 718 2703 822 2765; x_wconf 90' lang='lat' dir='ltr'>filium</span> <span class='ocrx_word' id='word_1_207' title='bbox 844 2723 940 2766; x_wconf 91' lang='lat' dir='ltr'>suum</span> <span class='ocrx_word' id='word_1_208' title='bbox 963 2704 1055 2766; x_wconf 85' lang='lat' dir='ltr'>iuxta</span> <span class='ocrx_word' id='word_1_209' title='bbox 1078 2724 1150 2784; x_wconf 84' lang='lat' dir='ltr'>pro·</span> <span class='ocrx_word' id='word_1_210' title='bbox 1271 2741 1273 2768; x_wconf 76' lang='grc' dir='ltr'>ι</span> 
     </span>
    </p>
   </div>
   <div class='ocr_carea' id='block_1_9' title="bbox 207 2785 1149 2958">
    <p class='ocr_par' dir='ltr' id='par_1_10' title="bbox 207 2785 1149 2958">
     <span class='ocr_line' id='line_1_29' title="bbox 207 2785 1149 2873; baseline 0.007 -26"><span class='ocrx_word' id='word_1_211' title='bbox 207 2785 377 2848; x_wconf 88' lang='lat' dir='ltr'>missiones</span> <span class='ocrx_word' id='word_1_212' title='bbox 399 2787 581 2868; x_wconf 86' lang='lat' dir='ltr'>propicium</span> <span class='ocrx_word' id='word_1_213' title='bbox 595 2790 673 2867; x_wconf 87' lang='lat' dir='ltr'>fore,</span> <span class='ocrx_word' id='word_1_214' title='bbox 697 2791 856 2856; x_wconf 85' lang='lat' dir='ltr'>vincimus</span> <span class='ocrx_word' id='word_1_215' title='bbox 876 2792 1024 2873; x_wconf 83' lang='lat' dir='ltr'>exemplo</span> <span class='ocrx_word' id='word_1_216' title='bbox 1039 2792 1149 2868; x_wconf 85' lang='lat' dir='ltr'>laceb,</span> 
     </span>
     <span class='ocr_line' id='line_1_30' title="bbox 207 2879 738 2958; baseline 0.009 -20"><span class='ocrx_word' id='word_1_217' title='bbox 207 2880 241 2938; x_wconf 90' lang='lat' dir='ltr'>et</span> <span class='ocrx_word' id='word_1_218' title='bbox 262 2892 375 2940; x_wconf 90' lang='lat' dir='ltr'>sumus</span> <span class='ocrx_word' id='word_1_219' title='bbox 397 2897 457 2940; x_wconf 91' lang='lat' dir='ltr'>nos</span> <span class='ocrx_word' id='word_1_220' title='bbox 479 2897 607 2958; x_wconf 87' lang='lat' dir='ltr'>quoque</span> <span class='ocrx_word' id='word_1_221' title='bbox 629 2879 738 2944; x_wconf 86' lang='lat' dir='ltr'>lsrael.</span> 
     </span>
    </p>
   </div>
   <div class='ocr_carea' id='block_1_10' title="bbox 240 3027 1273 3226">
    <p class='ocr_par' dir='ltr' id='par_1_11' title="bbox 240 3027 1273 3238">
     <span class='ocr_line' id='line_1_31' title="bbox 240 3027 1273 3137; baseline 0.007 -21"><span class='ocrx_word' id='word_1_222' title='bbox 240 3077 279 3116; x_wconf 81' lang='lat' dir='ltr'>an</span> <span class='ocrx_word' id='word_1_223' title='bbox 309 3054 351 3116; x_wconf 91' lang='lat' dir='ltr'>ad</span> <span class='ocrx_word' id='word_1_224' title='bbox 373 3057 564 3137; x_wconf 84' lang='lat' dir='ltr'>prophetam</span> <span class='ocrx_word' id='word_1_225' title='bbox 587 3057 695 3133; x_wconf 89' lang='lat' dir='ltr'>redeo,</span> <span class='ocrx_word' id='word_1_226' title='bbox 726 3076 783 3120; x_wconf 88' lang='lat' dir='ltr'>cur</span> <span class='ocrx_word' id='word_1_227' title='bbox 804 3058 907 3122; x_wconf 91' lang='lat' dir='ltr'>utitur</span> <span class='ocrx_word' id='word_1_228' title='bbox 932 3057 1020 3120; x_wconf 89' lang='lat' dir='ltr'>hicse</span> <span class='ocrx_word' id='word_1_229' title='bbox 1049 3057 1150 3121; x_wconf 88' lang='lat' dir='ltr'>histo·</span> <span class='ocrx_word' id='word_1_230' title='bbox 1271 3027 1273 3092; x_wconf 52' lang='lat' dir='ltr'>l</span> 
     </span>
     <span class='ocr_line' id='line_1_32' title="bbox 261 3143 1149 3226; baseline 0.008 -21"><span class='ocrx_word' id='word_1_231' title='bbox 261 3143 341 3206; x_wconf 81' lang='lat' dir='ltr'>riis?</span> <span class='ocrx_word' id='word_1_232' title='bbox 362 3145 525 3207; x_wconf 88' lang='lat' dir='ltr'>Nimirum</span> <span class='ocrx_word' id='word_1_233' title='bbox 546 3151 584 3208; x_wconf 87' lang='lat' dir='ltr'>ut</span> <span class='ocrx_word' id='word_1_234' title='bbox 607 3146 755 3209; x_wconf 88' lang='lat' dir='ltr'>ostendat</span> <span class='ocrx_word' id='word_1_235' title='bbox 777 3167 912 3226; x_wconf 86' lang='lat' dir='ltr'>regnum</span> <span class='ocrx_word' id='word_1_236' title='bbox 926 3147 1033 3222; x_wconf 83' lang='lat' dir='ltr'>Israel,</span> <span class='ocrx_word' id='word_1_237' title='bbox 1058 3146 1149 3225; x_wconf 92' lang='lat' dir='ltr'>quod</span> 
     </span>
    </p>
   </div>
   <div class='ocr_carea' id='block_1_11' title="bbox 206 3232 1149 3404">
    <p class='ocr_par' dir='ltr' id='par_1_12' title="bbox 206 3232 1149 3404">
     <span class='ocr_line' id='line_1_33' title="bbox 206 3232 1149 3317; baseline 0.003 -24"><span class='ocrx_word' id='word_1_238' title='bbox 206 3232 406 3312; x_wconf 82' lang='lat' dir='ltr'>patriarchae</span> <span class='ocrx_word' id='word_1_239' title='bbox 428 3234 524 3297; x_wconf 84' lang='lat' dir='ltr'>Iacob</span> <span class='ocrx_word' id='word_1_240' title='bbox 547 3255 668 3298; x_wconf 91' lang='lat' dir='ltr'>nomen</span> <span class='ocrx_word' id='word_1_241' title='bbox 689 3237 879 3316; x_wconf 88' lang='lat' dir='ltr'>usurpabat,</span> <span class='ocrx_word' id='word_1_242' title='bbox 903 3254 1032 3317; x_wconf 88' lang='lat' dir='ltr'>prorsus</span> <span class='ocrx_word' id='word_1_243' title='bbox 1056 3234 1149 3298; x_wconf 83' lang='lat' dir='ltr'>dissi·</span> 
     </span>
     <span class='ocr_line' id='line_1_34' title="bbox 206 3315 1148 3404; baseline 0.007 -23"><span class='ocrx_word' id='word_1_244' title='bbox 206 3320 283 3382; x_wconf 86' lang='lat' dir='ltr'>mile</span> <span class='ocrx_word' id='word_1_245' title='bbox 306 3315 404 3383; x_wconf 84' lang='lat' dir='ltr'>csse.³</span> <span class='ocrx_word' id='word_1_246' title='bbox 437 3323 513 3384; x_wconf 79' lang='lat' dir='ltr'>Fuit</span> <span class='ocrx_word' id='word_1_247' title='bbox 528 3323 615 3385; x_wconf 87' lang='lat' dir='ltr'>enim</span> <span class='ocrx_word' id='word_1_248' title='bbox 630 3324 666 3385; x_wconf 93' lang='lat' dir='ltr'>in</span> <span class='ocrx_word' id='word_1_249' title='bbox 681 3324 862 3404; x_wconf 84' lang='lat' dir='ltr'>patriarcha</span> <span class='ocrx_word' id='word_1_250' title='bbox 876 3325 972 3387; x_wconf 88' lang='lat' dir='ltr'>Iacob</span> <span class='ocrx_word' id='word_1_251' title='bbox 989 3323 1148 3389; x_wconf 87' lang='lat' dir='ltr'>eximium</span> 
     </span>
    </p>
   </div>
   <div class='ocr_carea' id='block_1_12' title="bbox 207 3410 1273 3494">
    <p class='ocr_par' dir='ltr' id='par_1_13' title="bbox 207 3410 1273 3494">
     <span class='ocr_line' id='line_1_35' title="bbox 207 3410 1273 3494; baseline 0.002 -22"><span class='ocrx_word' id='word_1_252' title='bbox 207 3410 353 3472; x_wconf 90' lang='lat' dir='ltr'>studium</span> <span class='ocrx_word' id='word_1_253' title='bbox 374 3411 464 3473; x_wconf 82' lang='lat' dir='ltr'>verbi</span> <span class='ocrx_word' id='word_1_254' title='bbox 487 3431 543 3473; x_wconf 88' lang='lat' dir='ltr'>ssu</span> <span class='ocrx_word' id='word_1_255' title='bbox 566 3412 787 3494; x_wconf 84' lang='lat' dir='ltr'>promissionis</span> <span class='ocrx_word' id='word_1_256' title='bbox 803 3413 842 3475; x_wconf 91' lang='lat' dir='ltr'>de</span> <span class='ocrx_word' id='word_1_257' title='bbox 859 3413 994 3489; x_wconf 79' lang='lat' dir='ltr'>Christo,</span> <span class='ocrx_word' id='word_1_258' title='bbox 1018 3418 1051 3476; x_wconf 91' lang='lat' dir='ltr'>et</span> <span class='ocrx_word' id='word_1_259' title='bbox 1065 3411 1146 3474; x_wconf 87' lang='lat' dir='ltr'>fides</span> <span class='ocrx_word' id='word_1_260' title='bbox 1271 3481 1273 3486; x_wconf 68' lang='lat'>,</span> 
     </span>
    </p>
   </div>
   <div class='ocr_carea' id='block_1_13' title="bbox 204 3498 1130 3643">
    <p class='ocr_par' dir='ltr' id='par_1_14' title="bbox 204 3498 1130 3643">
     <span class='ocr_line' id='line_1_36' title="bbox 207 3498 1130 3584; baseline 0.008 -26"><span class='ocrx_word' id='word_1_261' title='bbox 207 3498 475 3562; x_wconf 88' lang='lat' dir='ltr'>constantissima.</span> <span class='ocrx_word' id='word_1_262' title='bbox 522 3501 566 3563; x_wconf 90' lang='lat' dir='ltr'>At</span> <span class='ocrx_word' id='word_1_263' title='bbox 593 3520 729 3581; x_wconf 84' lang='lat' dir='ltr'>regnum</span> <span class='ocrx_word' id='word_1_264' title='bbox 755 3502 854 3566; x_wconf 85' lang='lat' dir='ltr'>Israel</span> <span class='ocrx_word' id='word_1_265' title='bbox 882 3502 1029 3584; x_wconf 83' lang='lat' dir='ltr'>exemplo</span> <span class='ocrx_word' id='word_1_266' title='bbox 1058 3501 1130 3565; x_wconf 78' lang='lat' dir='ltr'>usa</span> 
     </span>
     <span class='ocr_line' id='line_1_37' title="bbox 204 3599 421 3643; baseline 0.005 -1"><span class='ocrx_word' id='word_1_267' title='bbox 204 3599 421 3643; x_wconf 52' lang='lat' dir='ltr'>——z-7—</span> 
     </span>
    </p>
   </div>
   <div class='ocr_carea' id='block_1_14' title="bbox 296 3690 1110 3777">
    <p class='ocr_par' dir='ltr' id='par_1_15' title="bbox 296 3690 1110 3777">
     <span class='ocr_line' id='line_1_38' title="bbox 296 3690 1110 3777; baseline 0.001 -32"><span class='ocrx_word' id='word_1_268' title='bbox 296 3690 323 3756; x_wconf 88' lang='lat'>1)</span> <span class='ocrx_word' id='word_1_269' title='bbox 342 3691 430 3777; x_wconf 78' lang='lat' dir='ltr'>Gsne.</span> <span class='ocrx_word' id='word_1_270' title='bbox 449 3691 493 3746; x_wconf 78' lang='lat'>35.</span> <span class='ocrx_word' id='word_1_271' title='bbox 531 3691 559 3760; x_wconf 77' lang='lat'>2)</span> <span class='ocrx_word' id='word_1_272' title='bbox 579 3693 745 3749; x_wconf 81' lang='lat' dir='ltr'>Oananitae.</span> <span class='ocrx_word' id='word_1_273' title='bbox 764 3695 867 3749; x_wconf 85' lang='lat' dir='ltr'>Matth.</span> <span class='ocrx_word' id='word_1_274' title='bbox 887 3693 929 3748; x_wconf 82' lang='lat'>15.</span> <span class='ocrx_word' id='word_1_275' title='bbox 965 3693 994 3762; x_wconf 84' lang='lat'>3)</span> <span class='ocrx_word' id='word_1_276' title='bbox 1013 3691 1110 3746; x_wconf 86' lang='lat' dir='ltr'>Iacob.</span> 
     </span>
    </p>
   </div>
   <div class='ocr_carea' id='block_1_15' title="bbox 0 0 1292 4225">
    <p class='ocr_par' dir='ltr' id='par_1_16' title="bbox 0 0 1292 4225">
     <span class='ocr_line' id='line_1_39' title="bbox 0 0 1292 4225; baseline 0 0"><span class='ocrx_word' id='word_1_277' title='bbox 0 0 1292 4225; x_wconf 95' lang='lat' dir='ltr'> </span> 
     </span>
    </p>
   </div>
  </div>
 </body>
</html>
