2575 4225
1 193 18 226 ἐξ
75 212 88 229 χ

1 251 23 294 lb.

1 296 15 317 'l

1 325 19 349 *J

176 261 239 324 100
499 257 604 338 Caput
625 258 777 337 primum.

172 434 426 499 misericordiam
447 434 602 514 apopulo
625 453 698 496 meo
721 434 756 495 in
779 439 954 496 aeternum.
1001 433 1053 496 Sic
1077 434 1114 498 in

172 518 327 588 Genesi¹z
366 523 441 587 Non
470 522 632 586 auferetur
661 529 823 626 sceptrum
846 521 887 585 do
909 521 997 586 tribu
1019 522 1112 586 Iuda.

454 683 585 762 Absque
609 681 836 746 misericordia.

174 788 281 905 Quasi
315 790 449 855 diceret:
490 791 578 853 Voca
615 809 687 852 eam
725 810 791 852 non
827 788 1113 850 misericordatam.

228 880 293 955 ,Lo‘
322 879 410 942 enim
435 882 520 955 ,non‘
542 879 710 959 significat,
738 883 771 942 et
798 878 967 954 ‚ruhamaz‘
991 876 1113 940 miseri-

175 967 325 1034 cordiam.
384 967 484 1042 Quasi
521 962 627 1030 dice⁹:
667 967 739 1031 Non
770 967 813 1030 sit
846 967 902 1028 illa
934 966 971 1028 in
1000 965 1113 1044 gratia,

174 1057 240 1120 filia
263 1055 350 1119 enim
373 1056 437 1119 fuit
463 1057 532 1120 sine
555 1057 673 1138 gratia,
704 1056 925 1136 figurabatque
954 1055 1115 1135 populum

174 1146 227 1208 cui
249 1146 328 1208 deus
345 1146 490 1209 misereri
512 1146 651 1209 noluerit
666 1144 814 1226 amplius.
860 1143 952 1206 Prius
975 1143 1114 1222 legimus

174 1233 273 1298 deum
295 1255 431 1315 regnum
445 1235 544 1298 Israel
559 1235 807 1310 destructurum,
831 1232 905 1295 ideo
925 1252 992 1294 non
1008 1232 1114 1294 solum
1191 1256 1194 1262 ·

84 1369 87 1374 -
174 1342 369 1399 eversurum,
386 1323 443 1387 sed
455 1343 625 1404 nunquam
638 1323 872 1399 restituturum,
886 1320 974 1401 quod
985 1321 1114 1384 horren·

174 1412 347 1474 dissimum
370 1419 427 1474 est.

496 1537 539 1600 Et
561 1537 621 1600 erit
642 1537 679 1598 in
700 1536 779 1600 loco.

175 1638 281 1755 Quasi
316 1641 449 1706 diceret:
497 1643 566 1721 Ego
603 1642 764 1706 suscitabo
809 1640 909 1703 alium
945 1619 1113 1724 populum,

228 1731 285 1792 sed
319 1751 385 1793 nou
412 1731 448 1793 in
474 1731 687 1808 Hierusalem,
717 1750 822 1812 neque
844 1729 880 1792 in
903 1729 1031 1806 Iudaea,
1056 1729 1114 1792 sed
1234 1803 1237 1808 Ι

174 1819 210 1881 in
231 1820 301 1883 loco
323 1819 381 1881 ubi
403 1840 469 1883 non
492 1826 541 1882 est
563 1821 716 1900 populus,
740 1820 776 1881 id
799 1825 859 1896 est,
884 1819 968 1881 inter
991 1823 1112 1898 gentes.

466 1981 509 2042 Et
531 1981 818 2060 congregabuntur.

213 2108 326 2150 roarrr
349 2087 437 2167 quod
460 2087 663 2168 corporaliter
685 2087 785 2151 Israel
813 2104 982 2167 nunquam
1004 2085 1116 2149 redeat

209 2175 270 2237 ‚ad
292 2174 550 2238 unitatem'cum
572 2176 669 2253 Iuda,
694 2176 751 2241 sed
774 2176 982 2258 spiritualiter
1005 2175 1116 2237 redeat

177 2282 252 2324 cum
274 2262 356 2325 Iuda
378 2264 414 2325 in
435 2284 548 2327 unum.
595 2266 638 2328 Et
660 2271 784 2347 ponent
806 2265 868 2328 sibi
887 2284 990 2327 unum
1006 2270 1113 2344 caput,

175 2350 210 2413 id
229 2356 287 2427 est,
304 2352 476 2416 Christum.
516 2355 649 2436 Oportet
664 2375 737 2435 ergo
754 2354 842 2434 quod
857 2353 903 2415 ita
917 2352 1116 2431 intelligatur

176 2445 294 2517 textus,
318 2461 403 2505 unus
425 2443 466 2505 de
489 2442 612 2507 unitate
636 2443 800 2526 corporali,
825 2442 906 2505 alius
930 2441 970 2504 de
986 2441 1114 2521 spiritu-

178 2529 229 2604 ali,
255 2529 400 2609 alioquiu
420 2538 554 2612 uterque
577 2532 678 2596 falsus
699 2539 790 2608 esset,
815 2536 847 2593 et
867 2530 929 2593 sibi
945 2536 1112 2611 pugnaret.

473 2692 556 2765 Quia
577 2712 716 2774 magnus
739 2691 817 2756 dies.

228 2817 323 2860 servs
356 2794 424 2859 dies
452 2803 501 2859 est
530 2799 600 2874 ille,
636 2818 735 2879 quem
770 2803 858 2860 ortus
893 2797 940 2859 sol
973 2796 1115 2860 iustitiae

244 2885 390 2948 Christus
413 2886 583 2950 illuminat.

566 3012 715 3073 lezrahel.

202 3110 337 3175 msaus³
365 3117 476 3181 civitas
500 3123 560 3195 est,
585 3124 626 3180 'et
653 3116 744 3180 sedes
767 3116 857 3197 regni
879 3115 1115 3197 potentissima.

219 3202 299 3263 Vult
326 3225 399 3284 ergo
422 3209 579 3287 populum
602 3207 695 3269 illum
718 3226 785 3267 non
808 3206 947 3286 amplius
970 3203 1117 3267 habitare

177 3295 213 3357 in
241 3292 359 3355 Iezrael
392 3300 518 3356 terrena
550 3295 606 3359 sed
637 3294 774 3357 coelesti.
836 3294 998 3357 Obscurus
1032 3298 1118 3356 certe

176 3384 280 3457 locus,
316 3388 349 3445 et
378 3381 521 3447 adiectus
555 3384 597 3445 ad
631 3382 867 3469 obscuraudam
882 3408 884 3411 ·
900 3381 1116 3463 prophetiam.

178 3471 250 3533 Hoc
272 3472 360 3533 enim
383 3478 432 3535 est
451 3471 621 3535 consilium
641 3471 798 3547 divinum,
822 3477 860 3533 ut
880 3469 915 3533 in
931 3470 1118 3535 novissimis

1 3540 30 3646 ’.ἑ
136 3559 398 3648 ,intelligamus
421 3561 592 3624 consilium
616 3560 694 3625 eius.
769 3615 772 3620 .

270 3735 286 3786 1
318 3735 389 3789 Gen.
408 3733 451 3787 49.
487 3735 516 3802 2)
536 3735 593 3804 (Sic
601 3734 618 3801 1)
655 3734 683 3801 3)
703 3734 816 3789 Iezrael.
