2575 4225
222 251 287 317 350
526 253 642 334 Caput
665 254 841 335 septimum

221 430 532 512 rerumpublioamm
554 437 661 512 pestes
684 431 775 513 apud.
795 450 855 494 noa
878 428 1022 511 grassem,
1048 452 1168 496 nocem

221 526 288 583 tem
310 520 417 582 furem
439 525 473 582 et
494 520 689 601 direptorem
711 522 847 597 hostem,
872 519 987 600 itaque·
1002 521 1066 583 hae
1086 542 1168 603 quo*

220 628 285 688 que
305 614 488 671 nostrormn
511 614 716 690 peccatorum
738 628 860 691 poenae
883 615 973 685 sunt,
998 610 1087 689 quod
1109 612 1167 674 ab·

220 697 344 760 utimur
365 697 540 777 evangelio,
564 701 670 779 neque
694 718 731 761 eo
754 698 851 778 digne
874 698 1089 762 ambulamus.

309 933 327 972 r
363 916 495 974 tamen
532 932 611 974 non
650 910 849 990 cogitant,
890 911 997 990 quod
1032 912 1168 975 sciam

328 998 531 1081 quidquid
565 1000 667 1063 mali
701 999 878 1077 faciunt,
918 1020 1022 1062 nunc
1057 1002 1168 1083 enim

157 1162 161 1167 ι
209 1127 212 1136 ·
224 1089 421 1166 studia,
469 1089 615 1169 quibus
661 1094 932 1169 occupantur,
979 1096 1076 1153 0001
1121 1091 1167 1153 10

266 1183 485 1259 conspectu
507 1198 602 1241 meo.

220 1368 348 1480 Ἧο00
370 1378 420 1435 081
441 1341 648 1454 reprehensio
668 1372 856 1449 securitatis,
881 1392 946 1452 qua
962 1372 1094 1438 nullum
1110 1396 1166 1438 no-

315 1462 440 1524 centius
462 1467 630 1541 peecatum
654 1466 711 1537 est,
737 1461 878 1523 excludit
895 1462 983 1523 enim
998 1464 1167 1544 poeniten·

220 1550 309 1626 tiam,
327 1570 400 1629 qua
421 1550 490 1612 sola
511 1556 600 1631 patet
631 1549 738 1613 aditus
766 1547 810 1612 ad
837 1550 1075 1633 mitigationem
1106 1572 1165 1634 pu

219 1638 377 1701 blicamm
411 1638 575 1702 caiamitat
561 1644 642 1702 t.um
694 1638 734 1701 In
771 1638 822 1701 his
860 1644 972 1741 peccat
972 1640 1014 1715 is,
1054 1640 1167 1731 inquit

170 1726 177 1732 ’
220 1727 386 1830 propheta,
411 1728 457 1791 sic
480 1748 588 1791 secure
612 1732 760 1809 pergunt,
786 1746 822 1789 ao
845 1728 874 1791 si
891 1728 969 1790 certi
985 1734 1094 1792 essent
1108 1750 1165 1792 me

220 1838 259 1880 ea
280 1818 413 1880 nescire
459 1816 611 1881 sednon
633 1817 759 1893 008010,
791 1822 864 1879 0010
894 1816 1003 1880 oculos
1030 1818 1165 1898 assiduo

219 1912 402 1983 versantur,
431 1926 491 1968 nec
513 1905 681 1986 patiuntur
703 1925 736 1968 se
760 1904 909 1985 ignorari.
955 1905 1070 1987 Itaque
1094 1928 1163 1987 gra·

219 1993 361 2060 vioribus
384 1994 497 2076 poenis
519 1993 645 2070 dabunt
668 1995 876 2057 occasionem.
1031 2051 1044 2059 ,,

309 2083 372 2146 Sed
393 2083 467 2149 vide
489 2083 544 2147 hic
567 2102 697 2164 quoque
716 2082 916 2152 adversarios
943 2082 1088 2162 nostros,
1119 2104 1164 2150 an

219 2192 286 2235 non
303 2172 355 2235 -ita
376 2192 410 2235 se
433 2178 557 2253 gerunt,
583 2174 620 2235 ac
642 2173 671 2235 si
693 2192 804 2244 vocem
824 2172 865 2235 de
880 2173 967 2236 coelo
982 2171 1163 2254 audissent,

220 2280 253 2324 se
276 2260 463 2340 effugituros
486 2262 568 2324 iram
591 2261 669 2323 dei?
700 2261 789 2325 Siout
810 2257 998 2325 iohannes1'
1016 2262 1059 2325 ad
1082 2263 1161 2345 pha-

218 2351 336 2414 risaeos
359 2347 448 2413 dicit.
493 2349 636 2413 Pertinet
662 2356 772 2414 autem
799 2349 841 2412 ad
870 2348 1020 2414 ecclesiae
1050 2348 1162 2434 0008οἓ

218 2441 381 2525 lationem,
407 2438 494 2519 quod
519 2439 598 2502 deus
621 2439 730 2502 studia
747 2438 922 2520 impiorum
937 2438 1015 2502 dicit
1030 2441 1163 2505 assidue

219 2529 261 2592 ob
284 2528 392 2592 oculos
416 2528 478 2592 sibi
505 2526 583 2591 esse.
630 2527 713 2602 Quia
743 2527 831 2590 enim
862 2533 964 2590 cessat
993 2549 1099 2609 poena
1129 2536 1165 2594 et

218 2613 373 2678 idolatrae
396 2616 566 2678 crudeliter
587 2615 660 2696 pios
688 2621 939 2697 persequuntur,
970 2637 1066 2698 saepe
1093 2618 1163 2700 pio—

218 2722 291 2765 rum
313 2704 415 2766 animi
436 2706 612 2778 tentantur,
636 2723 673 2766 ac
696 2705 724 2766 01
745 2705 826 2768 deus
849 2704 927 2768 alias
950 2706 1000 2768 res
1021 2712 1104 2786 agat,
1129 2713 1164 2771 et

218 2791 259 2855 de
286 2811 340 2854 ecc
339 2791 418 2853 lesia
451 2810 512 2854 sua
542 2811 611 2853 uon
644 2791 688 2856 811
711 2790 826 2856 ’8011011
812 2798 873 2856 1.08
921 2793 985 2856 Sed
1016 2796 1163 2876 profecto

218 2902 285 2944 non
307 2886 378 2944 tant
378 2900 436 2943 um
457 2881 554 2958 facta,
578 2901 661 2960 quae
683 2881 785 2945 oculis
807 2889 989 2960 cernuntur,
1014 2882 1071 2946 sed
1088 2903 1161 2948 con·

220 2971 291 3033 siiia
313 2976 346 3033 01
368 2968 475 3034 studia
490 2990 527 3032 ac
541 2971 697 3032 intimum
714 2970 817 3034 cordis
833 2971 913 3034 deus
927 2971 1075 3048 vidett
1048 2979 1162 3052 ratque

219 3078 285 3122 non
307 3066 419 3141 perpet
418 3079 461 3122 00
485 3059 601 3122 01001
591 3061 734 3141 1mpunit
735 3079 770 3123 08
721 3059 891 3123 tabire.
962 3137 964 3144 Ι

257 3233 443 3346 ‘Malicia
464 3257 537 3300 sua
559 3236 800 3300 exhilarant
821 3255 971 3316 regem,
996 3243 1033 3301 et
1055 3257 1161 3301 men·

337 3325 469 3388 deciis
492 3326 579 3389 suis
602 3326 820 3407 principes.

310 3539 336 3601 1)
354 3537 459 3592 Matth.
478 3537 505 3590 3.

218 3666 325 3675 κ-

308 3731 333 3798 *)
352 3732 388 3784 In
406 3747 494 3798 marg.
514 3732 576 3785 coll.
595 3733 671 3784 Ien:
692 3729 887 3798 Reprehensio
906 3729 1076 3784 securitatis.
1137 3758 1146 3766 -
