2575 4225
444 236 570 299 Hoseae
591 237 777 319 prophetae.
1018 242 1082 305 265

14 419 15 498 l
146 412 257 527 'Hoc
279 420 377 517 caput
396 414 437 476 ab
459 413 688 495 interpretibus
710 414 795 478 varie
810 415 996 497 elipeum,
1029 418 1084 481 gffi

14 545 15 550 κ
238 524 328 567 emm
341 503 533 589 intelligunt
548 502 589 565 de
603 509 672 566 toto
694 502 829 586 populo,
859 504 953 584 quasi
976 504 1018 569 sit
1032 526 1083 570 va·

14 585 15 644 l
144 595 293 661 ticinium
317 592 360 655 da
390 592 561 673 postremis
594 592 693 655 huius
726 592 839 674 populi
872 594 1082 675 temporibus,

14 683 15 766 ff
144 706 218 749 cum
246 681 432 745 immineret
453 680 609 744 adventus
628 680 757 744 Christi.
804 680 875 745 Etsi
902 683 990 745 enim
1012 689 1084 747 tum

14 799 15 862 3
143 773 259 837 hahuit
287 769 428 853 populus
459 785 549 849 reges
582 775 616 832 et
650 768 877 846 saeerdotium,
912 777 1022 834 tamen
1052 780 1085 836 et

14 881 15 902 ³
143 879 233 943 reges
255 865 348 922 erant
368 858 483 933 exteri,
511 864 546 921 et
567 858 782 921 sacerdotium
804 876 871 921 non
893 866 962 923 erat
983 861 1084 941 legiti-

14 965 15 1026 3
131 968 244 1026 mum,
269 947 328 1012 sed
342 947 509 1010 emebatur
529 947 570 1009 ab
593 947 696 1010 avaris
720 953 752 1011 at
772 948 959 1029 potentibus
981 947 1085 1013 homi-

14 1059 15 1096 ;
143 1041 253 1115 nibus,
286 1038 370 1100 sicut
394 1035 547 1099 historiae
579 1034 766 1100 ostendunt.
818 1034 881 1098 Sed
915 1054 990 1099 cum
1023 1038 1087 1102 hae
1177 1064 1183 1071 ,

14 1103 15 1150 ³
144 1127 305 1192 sententia
332 1131 471 1207 pugnat,
500 1124 587 1205 qnod
613 1125 773 1206 propheta
798 1124 916 1189 diserte
943 1126 1089 1206 loquitur

14 1212 15 1272 ἶ
144 1225 274 1281 tantum
297 1214 337 1277 de
352 1214 428 1277 filiis
450 1219 482 1278 et
504 1232 603 1293 regno
618 1212 726 1289 isreel,
750 1214 812 1276 hoc
835 1220 892 1289 est,
917 1212 958 1276 de
973 1215 1086 1277 decem

14 1309 15 1357 ἐ
143 1306 309 1379 tribubus,
339 1320 423 1383 quae
449 1321 470 1364 a
496 1302 583 1365 tribu
605 1302 688 1365 Iuda
716 1320 774 1383 per
802 1302 993 1366 seditionem
1023 1304 1087 1372 dis·

14 1429 15 1490 3
144 1398 314 1459 cesserant.

232 1482 313 1556 Alii,
344 1480 430 1543 siout
450 1480 535 1560 lyra,
564 1485 683 1562 potant
712 1480 774 1544 hoc
797 1487 896 1563 eaput
922 1481 1087 1545 continere

14 1575 15 1624 3
143 1570 335 1636 vaticinium
357 1568 397 1630 de
412 1574 556 1649 tempore
579 1569 656 1632 novi
675 1571 870 1647 testamenti,
895 1576 928 1633 ct
950 1570 990 1633 de
1013 1590 1086 1634 con-

14 1664 15 1734 ζ
143 1660 290 1725 versione
311 1657 505 1720 Iudaeorum
533 1657 576 1719 ad
598 1656 777 1733 Christum,
809 1658 849 1720 de
880 1676 946 1739 qua
966 1659 1086 1723 Paulus

14 1755 15 1823 ἕ
144 1768 274 1830 quoque
297 1748 389 1810 Rom.
417 1741 476 1806 111
510 1745 638 1810 videtur
665 1746 842 1809 vaticinari.
890 1747 952 1811 Sed
979 1754 1088 1811 emant

14 1833 15 1886 3
144 1839 180 1901 hi
201 1856 341 1918 quoque,
366 1852 444 1897 nam
460 1834 547 1914 quod
569 1835 610 1896 de
629 1824 835 1897 o'onversiene
858 1834 900 1897 ad
915 1834 1086 1898 dominum

144 1928 198 1989 hic
221 1924 316 2001 dicit,
346 1924 374 1985 it
395 1923 480 1986 siem
501 1923 671 2003 aliquoties
693 1923 760 1985 iam
782 1923 995 1999 ostendimus,
1028 1924 1085 1987 im·

144 2017 271 2097 pletum
300 2019 363 2089 est,
396 2028 471 2074 cum
500 2012 705 2091 evangellum
732 2011 838 2093 eoepit
864 2011 947 2075 inter
975 2019 1088 2092 gentes

146 2104 262 2169 doceri.
308 2102 375 2166 Nos
388 2101 487 2181 igitur
501 2100 681 2184 simplicem
704 2106 736 2164 et
758 2106 877 2164 eertum
893 2101 1087 2166 sententiam

145 2196 230 2256 hano
251 2191 442 2254 iudicamus.

150 2329 278 2445 2Siout
306 2333 480 2416 appellatio
503 2333 657 2409 ostendit,
691 2332 759 2414 agit
780 2333 939 2415 propheta
955 2333 1029 2395 hoc
1051 2333 1087 2396 in

223 2423 294 2488 loeo
314 2427 445 2486 tautum
467 2422 508 2484 de
530 2441 628 2502 regno
650 2421 758 2497 Israel,
782 2421 812 2483 ei
834 2420 1002 2503 promittit,
1028 2421 1088 2484 etsi

146 2517 279 2596 propter
301 2517 433 2592 peccata
454 2510 489 2572 in
512 2516 623 2589 gentes
645 2515 714 2574 crat
735 2508 974 2590 dissipandum,
1003 2507 1088 2572 iutu-

134 2622 220 2665 .rum
254 2606 378 2674 tamem
413 2604 452 2662 ut
483 2599 602 2663 iterum
631 2619 651 2661 a
678 2597 822 2673 domino,
858 2603 1016 2677 tanquam
1047 2597 1089 2660 ab
1162 2659 1164 2664 .

146 2684 334 2770 ignoscente
368 2687 501 2763 marito,
535 2686 713 2757 adametur.
766 2687 837 2748 Hac
872 2685 1089 2752 consolatione

148 2777 326 2840 admodum
350 2794 432 2857 opus
454 2775 618 2839 habebant
640 2775 687 2858 pii
709 2775 745 2837 in
767 2795 865 2855 regno
887 2775 1000 2850 Israel,
1028 2775 1089 2838 etsi

147 2885 284 2930 numero
313 2864 409 2946 pauci
432 2870 552 2940 essent,
581 2883 622 2926 ne
645 2869 797 2944 putarent
819 2883 852 2926 se
876 2863 1005 2944 penitus
1035 2864 1089 2924 ab·

147 2957 261 3030 lectos,
293 2952 349 3016 sed
371 2958 409 3016 nt
432 2973 488 3034 spe
511 2952 613 3017 futuri
635 2951 754 3014 Christi
782 2971 816 3014 se
839 2951 1089 3026 consolarentur,

148 3049 181 3106 et
203 3042 425 3124 expectatione
448 3047 652 3105 aeternorum
666 3039 910 3104 commodorum
933 3044 1089 3123 tempora-

146 3130 213 3194 lem
236 3129 453 3194 calamitatem
474 3130 622 3206 lenirent.
990 3182 1016 3196 ,.

238 3216 305 3281 Nec
327 3217 513 3294 absurdum,
538 3223 595 3280 aut
616 3217 792 3298 prophetae
815 3216 1007 3282 inusitatum
1030 3223 1088 3292 est,

149 3307 248 3388 quod,
273 3325 356 3386 quae
378 3307 415 3370 in
430 3307 577 3389 proximo
593 3307 698 3388 capite
718 3305 844 3388 copiose
859 3305 951 3383 dixit,
976 3304 1089 3367 eadem

240 3480 268 3548 1)
287 3481 370 3535 Rom.
390 3479 464 3533 119·
499 3479 529 3548 2)
546 3481 755 3546 Argumentum
774 3479 877 3546 capitis
895 3477 980 3533 tertii.

240 3638 266 3706 ‘)
294 3640 330 3693 In
357 3604 421 3693 coll.
446 3639 563 3692 leneus:
600 3639 687 3693 Varie
718 3638 774 3693 hoc
804 3641 891 3707 eaput
916 3630 1091 3708 expositum,

167 3709 192 3776 ⁸)
210 3709 299 3763 Deest
317 3710 349 3762 in
367 3710 429 3764 coll.
449 3707 607 3764 Vuittemb.
822 3715 825 3722 ·
874 3735 876 3742 .
913 3731 916 3738 .
971 3729 973 3736 ,
