2575 4225
445 294 544 359 Oseae
566 297 752 377 prophetae.
1005 298 1069 362 207

127 472 320 548 docuerunt,
361 474 458 535 etiam
495 472 611 536 iisdem
649 475 754 538 verbis
793 494 888 556 saepe
922 484 1067 557 utuntur,

127 561 316 644 praesertim
338 562 396 624 ubi
419 562 460 624 de
483 562 602 626 Christi
625 584 723 643 regno
746 565 931 643 loquuntur.

215 652 260 714 At
281 651 415 727 Paulus,
447 652 561 731 quiin
585 654 815 733 prophetarum
838 656 997 719 vaticiniis
1028 658 1069 721 de

127 740 254 803 Christo
282 740 486 820 singulariter
519 762 596 821 prae
631 742 702 804 aliis
735 740 863 806 videtur
896 745 1068 823 laborasse,

125 830 185 892 hac
208 830 283 910 ipsa
307 829 420 911 phrasi
447 849 543 911 saepe
572 849 651 893 usus
679 838 728 893 est
754 832 789 893 in
819 832 884 895 suis
912 835 1068 914 epistolis,

126 926 162 981 ut
190 919 293 999 Ephe.
326 913 373 980 1.1
423 919 537 1000 Ipsum
564 919 655 981 dedit
683 926 781 1000 eaput
808 940 904 1001 super
937 943 1068 987 omnem

126 1008 309 1083 ecelesiam,
334 1026 418 1087 quae
441 1014 489 1073 est
511 1027 626 1089 corpus
650 1009 719 1070 eius
742 1014 774 1072 et
796 1010 964 1090 plenitudo
987 1012 1066 1089 cius,

38 1167 44 1175 x
126 1097 181 1175 qui
204 1096 316 1182 omnia
337 1097 461 1176 implet.

214 1185 352 1247 Phrasin
366 1186 493 1247 Hoseaa
515 1186 570 1247 hic
592 1187 748 1265 agnoscis,
774 1192 806 1250 et
821 1188 918 1249 simul
936 1208 1067 1252 causam

125 1273 227 1350 audis,
253 1293 310 1335 our
332 1273 479 1337 Christus
502 1274 628 1337 dicatur
651 1281 757 1356 caput,
781 1276 859 1355 quia
881 1278 980 1340 habet
1002 1298 1065 1340 eor·

20 1347 33 1423 ³-
124 1383 185 1443 pus
216 1362 399 1438 eeclesiam,
432 1364 519 1443 quod
550 1365 615 1440 alit,
644 1366 816 1443 gubernat,
853 1372 946 1429 ornat
972 1367 1068 1429 donis

125 1453 200 1514 suis.
248 1450 290 1515 In
311 1471 349 1515 eo
372 1458 482 1514 autem
504 1452 612 1515 differt
633 1453 751 1516 Paulus
775 1454 815 1516 ab
836 1455 953 1531 Hosea,
978 1456 1065 1536 quod

124 1540 248 1603 Hoseas
272 1540 313 1602 de
336 1540 469 1603 ecclesia
490 1542 578 1617 dicit,
602 1542 780 1623 posituram
804 1562 876 1605 eam
892 1545 953 1607 sibi
969 1552 1067 1626 caput

124 1624 257 1706 uuum,²
272 1630 390 1693 Paulus
405 1636 514 1693 autem
530 1630 617 1707 dicit,
634 1652 654 1692 a
666 1630 726 1693 deo
737 1632 798 1694 hoo
814 1639 912 1714 caput
922 1634 1065 1713 positum

124 1717 327 1795 condatum,
352 1718 409 1781 sed
431 1719 604 1782 bellissime
626 1721 707 1782 haec
730 1721 934 1784 conveniunt.
981 1722 1066 1783 Nam

123 1808 242 1871 Paulus
265 1807 319 1870 dei
341 1807 594 1871 misericordiam
616 1809 670 1872 hio
691 1809 897 1872 commendat
912 1811 1002 1873 cuius
1018 1812 1063 1872 in·

124 1898 245 1960 effabili
267 1895 412 1960 bonitate
435 1898 496 1960 hoc
519 1905 617 1979 eaput
639 1898 790 1960 ecclcsiae
813 1899 957 1978 contigit.
993 1899 1064 1961 Pro-

34 2026 38 2031 ·
123 1987 221 2066 pheta
244 1991 355 2048 autem
379 1987 584 2049 commendat
606 1993 678 2049 tum
701 1986 815 2062 fidem,
844 1993 915 2050 tum
943 1988 1062 2050 confes·
1107 1992 1112 1999 '

124 2076 248 2139 sionem
272 2074 431 2152 ecclesiae,
456 2095 539 2155 quae
562 2081 654 2157 paret
676 2076 746 2139 voci
769 2074 823 2138 dei
845 2076 885 2138 de
909 2077 995 2140 coelo
1018 2096 1063 2140 so-

123 2165 214 2228 nanti
243 2165 346 2244 (hunc
375 2164 497 2242 audite)
528 2170 561 2227 et
583 2164 745 2226 Christum
781 2165 885 2228 solum
920 2167 1067 2246 agnoscit

122 2261 220 2336 eaput
241 2273 349 2330 suum,
373 2274 431 2335 per
452 2273 550 2334 quem
565 2255 655 2329 vivit,
680 2255 784 2330 alitur,
809 2261 960 2332 servatur,
985 2257 1062 2335 regi·

122 2348 197 2406 tur·
230 2343 303 2406 Hoc
326 2349 424 2424 caput
446 2343 540 2404 firma
561 2342 626 2405 fide
648 2342 773 2419 retinet,
799 2363 858 2406 neo
881 2365 914 2406 se
937 2345 978 2406 ab
1001 2346 1064 2407 hoo

122 2432 228 2514 eapite
252 2431 330 2495 sinit
352 2431 477 2494 abduci.
516 2432 611 2494 Hanc
634 2432 722 2493 enim
738 2433 953 2494 constantiam
969 2433 1062 2512 signi-

120 2521 196 2584 ficat
223 2522 394 2602 propheta,
423 2540 498 2582 cum
525 2521 618 2583 dicit:
655 2521 698 2582 Et
725 2527 847 2601 ponent
876 2521 939 2583 sibi
966 2527 1066 2601 caput

120 2629 235 2672 unum,

165 2807 202 2851 ec
217 2789 302 2850 mihi
317 2789 453 2850 dubium
470 2794 527 2864 est,
552 2788 632 2867 quin
648 2788 806 2868 propheta
820 2787 917 2849 istam
937 2793 1063 2867 pestem

187 2883 333 2959 tempore
361 2879 435 2940 novi
470 2875 655 2939 testamenti
688 2883 902 2955 grassaturam
936 2875 1062 2951 viderit,

119 2966 208 3050 quod
232 2959 396 3029 Romana³
416 2965 519 3028 bestia
542 2985 575 3028 se
598 2965 658 3027 toti
681 2964 804 3026 mundo
828 2969 910 3026 esset
932 2984 991 3044 pro
1014 2982 1061 3024 oa-

118 3059 186 3139 pite
210 3055 363 3119 ecclesiae
386 3055 658 3117 commendatum.
699 3053 794 3114 Recte
814 3052 912 3132 igitur
928 3057 959 3114 et
974 3071 1061 3132 prae-

118 3146 246 3210 dicatur
275 3164 368 3209 verae
396 3145 547 3206 ecclesiae
578 3141 773 3217 constantia,
809 3146 841 3204 et
875 3145 1062 3203 numeratur

117 3237 203 3300 inter
230 3234 406 3315 praecipua
434 3232 521 3296 dona
554 3231 684 3312 spiritus
719 3230 837 3306 sancti,
874 3230 960 3310 quod
995 3249 1062 3291 non

118 3325 266 3397 annosoit
288 3324 382 3404 plura
403 3322 526 3404 capita,
558 3320 615 3383 sed
637 3337 741 3382 unum
764 3326 861 3400 caput
883 3319 945 3382 sibi
967 3317 1064 3399 ponit

155 3415 295 3489 iristum,
321 3431 419 3492 quem
434 3410 598 3492 praedicat
612 3410 746 3472 unicum
762 3415 794 3471 11
810 3428 920 3472 verum
936 3409 1061 3469 fontem

159 3504 268 3565 mium
303 3501 475 3576 donorum,
512 3518 593 3579 quae
627 3498 662 3559 in
701 3498 833 3560 ecelesia
866 3502 950 3559 sunt.
998 3494 1060 3557 Sed

210 3710 237 3777 1)
256 3711 365 3778 Ephes.
386 3709 409 3761 1.
447 3708 475 3774 2)
495 3709 587 3762 locus
605 3709 696 3775 Ephe.
712 3709 735 3760 1.
772 3705 801 3776 3)
820 3707 949 3760 Romana
967 3704 1063 3759 bestia

175 3797 264 3836 zesse
283 3784 371 3848 caput
388 3780 532 3834 ecclesiae.
