2575 4225
440 249 569 312 Hoseae
591 249 775 330 prophetae.
1018 248 1082 315 263

134 425 304 506 significat
325 426 412 488 enim
434 425 489 488 hic
515 424 696 502 ecclesiam,
727 445 809 507 quae
832 444 904 489 vere
934 432 982 489 cst
1005 426 1082 491 dlvi-
1132 444 1144 469 ⁸

134 535 222 577 num
251 534 376 591 semen,
412 513 574 595 siquidem
609 532 667 596 per
694 515 829 579 verbum
862 520 895 577 et
929 516 1082 596 spiritum
1160 542 1162 551 ,

15 599 19 613 ’
136 609 291 667 sanctum
319 604 491 685 plantatur.
537 603 614 666 Ideo
641 609 750 667 autem
778 604 839 666 hac
870 604 1083 686 appellatione

138 692 301 773 propheta
328 692 378 755 uti
403 692 520 768 voluit,
553 692 707 772 quoniam
733 710 870 772 regnum
891 693 990 757 Israel
1013 694 1083 757 sine

136 800 198 861 spe
221 780 344 843 reditus
374 779 653 844 disseminandum
677 787 745 844 erat
770 781 956 861 ingentes,
988 789 1025 846 ut
1047 783 1083 845 in

134 874 232 932 tanto
269 870 425 950 periculo,
462 876 495 932 et
528 875 596 932 tani
629 869 783 933 diuturna
816 870 997 933 calamitate
1025 890 1083 953 spe

135 957 269 1020 intimae
303 958 552 1034 benedictionis,
587 977 646 1039 per
681 976 791 1022 semen
824 959 1020 1041 promissum
1049 978 1082 1023 se

135 1047 397 1122 consolarentur,
436 1052 469 1111 et
496 1048 614 1110 scirent
643 1064 736 1109 suam
766 1047 986 1128 posteritatem
1016 1066 1083 1111 non

137 1135 186 1197 sic
220 1134 486 1215 degeneraturam
517 1136 552 1198 in
579 1136 812 1216 gentilitatem,
848 1136 928 1216 quin
955 1146 1081 1216 'magno

134 1242 276 1287 ‘numero
299 1242 436 1304 regnum
450 1224 569 1287 Christi
591 1224 780 1307 amplexura
802 1224 852 1299 sit,
877 1230 974 1305 atque
996 1224 1081 1289 hanc

134 1311 182 1375 ob
205 1332 337 1376 causam
359 1314 458 1376 etiam
480 1314 605 1395 reliqua
626 1318 823 1377 attexuntur.

229 1528 249 1568 r
269 1508 469 1571 seminabo
493 1530 573 1572 eam
588 1506 686 1571 mihi
708 1506 751 1570 in
773 1514 934 1585 terram,
960 1508 1081 1571 etmi-

248 1597 414 1660 serebor
440 1598 539 1675 eius,
570 1616 671 1679 quae
702 1596 786 1660 fuit
812 1596 901 1660 sinc
928 1596 1081 1659 miseri-

182 1686 335 1761 cordia,
359 1686 541 1749 etdicam
563 1706 640 1749 non
662 1686 809 1767 populo
831 1703 931 1761 mcc,
957 1705 1080 1768 popu·

182 1774 247 1837 lus
269 1793 377 1837 meus
400 1793 438 1837 es
454 1782 510 1851 tn,
536 1776 677 1856 etipse
701 1772 823 1837 dicet:
846 1772 948 1837 Deus
971 1792 1081 1837 meus

184 1882 223 1925 es
247 1868 297 1925 tu.

135 2052 242 2167 Ἧιο
275 2057 433 2121 rationem
462 2055 603 2121 nominis
632 2056 788 2134 ostendit,
823 2076 879 2120 cur
905 2063 997 2122 vocet
1018 2058 1080 2122 Iez-

235 2147 301 2210 reel
323 2147 479 2229 populum
507 2165 615 2223 suum,
649 2166 686 2209 ac
712 2146 854 2228 profecto
882 2147 1081 2228 praeclarum

137 2243 173 2300 et
195 2238 329 2318 plenum
345 2235 572 2298 consolationis
595 2255 714 2298 nomen
738 2241 794 2298 est.
841 2233 926 2298 Nam
945 2235 1080 2328 abipso

138 2325 201 2388 deo
225 2326 407 2406 plantatum
429 2324 577 2400 hortum,
606 2343 689 2404 quae
717 2330 888 2388 ventorum
917 2333 974 2389 aut
1002 2331 1079 2390 tem-

17 2404 20 2415 ’
137 2419 306 2495 pestatum
334 2413 382 2476 vis
412 2414 559 2475 evertet?
611 2413 694 2476 Cum
723 2411 802 2475 deus
830 2414 865 2476 in
895 2434 995 2476 manu
1022 2434 1081 2478 sua

137 2508 349 2584 tempestates
372 2507 405 2564 et
418 2506 531 2563 ventos
550 2501 677 2576 habeat,
703 2505 735 2564 et
749 2501 826 2564 velit
846 2501 936 2566 hunc
950 2504 1080 2568 hortum

136 2587 161 2653 a
184 2611 218 2654 se
241 2592 426 2671 plantatum
447 2590 549 2652 excoli
573 2595 605 2653 et
627 2609 775 2652 crescere.

131 2687 135 2695 '
231 2679 389 2741 Convenit
422 2677 532 2756 itaque
559 2698 634 2743 cum
667 2679 729 2741 hoc
762 2679 892 2742 nomine
922 2679 1085 2744 sententia

138 2768 270 2843 Christi,
295 2767 409 2830 Matth.
437 2760 495 2829 16²
522 2766 564 2829 a'd
586 2767 729 2830 Petrum:
764 2767 837 2831 Non
860 2788 932 2832 caro
956 2775 988 2831 at
1011 2789 1079 2834 san·

138 2857 212 2936 guis
236 2855 298 2918 tibi
319 2855 399 2918 haec
421 2854 586 2930 revelavit,
619 2854 677 2918 sed
699 2859 790 2937 pater
812 2876 903 2919 meus
926 2857 962 2920 in
984 2859 1079 2921 coelis

139 2946 208 3023 (hic
231 2942 324 3006 audis
347 2943 582 3029 plantationem
604 2943 662 3006 sed
684 2963 794 3006 semen
817 2943 987 3024 divinum).
1038 2945 1081 3010 iit

139 3034 200 3095 tibi
216 3033 299 3108 dico,
325 3031 412 3113 quod
427 3038 464 3094 tu
486 3051 520 3094 es
535 3032 657 3107 Petrus,
683 3037 715 3093 et
738 3051 834 3112 super
856 3038 981 3112 petram
995 3033 1079 3098 hanc

136 3121 318 3184 aedificabo
333 3120 499 3183 ecclesiam
514 3139 631 3196 meam,
648 3125 682 3182 et
695 3124 806 3200 portae
820 3119 997 3184 inferorum
1012 3139 1079 3186 non

17 3208 21 3217 '
138 3209 372 3292 praevalebunt
394 3209 433 3272 ei.

192 3329 194 3331 ·
229 3297 334 3379 igitur
356 3297 392 3358 in
414 3297 564 3378 periculis
593 3296 635 3360 ad
660 3287 745 3359 hanc
767 3297 961 3360 sententiam
984 3297 1079 3379 respi

163 3388 275 3462 lamus,
300 3391 333 3448 et
351 3405 411 3448 nos
425 3405 465 3448 ea
487 3386 696 3462 consolemur,
721 3405 787 3448 non
803 3385 848 3448 sic
863 3391 1080 3466 grassatrrum

159 3495 282 3540 nrorem
300 3475 441 3550 -lurcae,
467 3474 633 3555 'pontificis
657 3480 689 3538 et
715 3473 862 3550 Satanae,
893 3473 973 3554 quin
1000 3473 1081 3538 deus

230 3718 257 3786 1)
276 3719 390 3772 azreel
427 3717 457 3787 a)
474 3719 577 3774 nath.
598 3719 640 3772 16.
739 3779 742 3787 ,
