2575 4225
450 278 550 342 Ozene
573 278 758 363 prophetae.
1030 284 1072 346 61

135 478 247 521 omnes
263 455 425 537 relinquit,
450 474 577 539 semper
592 462 726 540 partem.
773 476 926 538 magnam
949 464 1075 541 partem

4 610 8 619 .
136 547 254 643 oceidit
276 552 335 610 etc.

509 669 572 732 Sed
594 675 626 733 et
649 690 695 732 ve.

224 780 279 841 hie
302 786 350 843 eet
371 779 460 843 locus
483 776 697 840 contentionis
726 794 864 856 magnus
887 777 985 842 habet
1008 799 1074 861 epe-

135 869 226 939 eiem,
243 869 387 948 aliquam
416 865 503 948 quod
532 864 729 945 significetur
758 865 935 930 incarnatio
955 867 1077 932 Christi

135 963 173 1020 ut
194 958 265 1037 lyra
288 956 376 1032 dicit,
401 955 458 1019 sed
474 954 589 1017 nescio.
637 954 782 1034 sequitur
797 958 829 1017 et
844 954 999 1035 fulgeneie
1015 963 1073 1021 ete.

135 1052 298 1111 extortum
321 1044 404 1108 mihi
426 1044 561 1109 videtur.
608 1042 699 1106 Haeo
726 1049 775 1105 eet
805 1045 964 1107 sententia
993 1067 1073 1109 mea.

135 1224 233 1306 prole,
259 1223 316 1287 eod
339 1224 437 1286 etiam
459 1224 520 1285 hoc
544 1220 631 1305 quod
647 1220 793 1283 recedam
815 1220 855 1283 ab
879 1221 925 1285 eie
948 1241 1076 1304 prorsus

135 1313 301 1378 dimittam
331 1332 384 1375 ece
413 1312 449 1374 in
478 1310 601 1390 reliqua
629 1309 740 1373 omnia
765 1358 861 1386 ....,
892 1331 958 1374 non
981 1311 1076 1375 adero

135 1403 192 1465 eie.
218 1403 325 1465 sinam
340 1421 394 1465 eoe
410 1400 515 1464 vivere
530 1398 771 1463 infoelieieeime
787 1400 823 1463 in
838 1418 875 1462 eo
899 1400 987 1481 quod
1010 1422 1077 1466 non

135 1491 250 1561 occidi,
276 1498 308 1554 et
330 1490 517 1553 miserrime.
564 1487 721 1551 Videmus
744 1490 806 1551 hoc
828 1487 864 1549 in
886 1488 1023 1556 Iudaeis.

162 1722 164 1732 ,
433 1648 590 1733 Ephraim
612 1653 651 1710 ut
671 1642 775 1711 vidi¹z

134 1756 233 1819 latius
257 1756 397 1819 declarat
419 1775 453 1819 ee
476 1756 511 1817 in
533 1754 714 1837 perditione
736 1754 843 1837 prolis.

437 1916 477 1979 In
499 1910 770 2000 pulchri[tudiue]:

133 2023 253 2086 meliue
269 2023 304 2085 in
327 2022 477 2086 domibus
501 2024 552 2086 vel
573 2021 776 2083 habitaculis.
823 2022 926 2101 Tyrus
949 2024 1077 2104 populis

133 2113 255 2176 referta
278 2118 346 2175 erat
368 2119 426 2176 etc.
451 2119 484 2176 et
510 2109 665 2175 uxoribus
696 2108 965 2175 foecundissimue
995 2133 1077 2194 quae

133 2203 338 2284 repleverant
360 2201 482 2278 domos,
506 2221 588 2264 uxor
611 2199 772 2262 foecunda
793 2219 868 2263 cum
891 2203 979 2283 prole
1002 2202 1076 2265 dici·

133 2297 191 2357 tur
214 2291 336 2373 species
360 2290 485 2356 domus.
531 2290 616 2353 Nota
637 2289 673 2351 in
696 2309 744 2372 pe.
769 2295 802 2353 et
816 2287 959 2355 dividere
975 2292 1077 2374 spolia

1 2374 3 2426 l
133 2380 264 2444 domus.
311 2379 395 2443 Item
417 2380 492 2444 vitis
516 2378 695 2444 abundans.

530 2533 593 2602 uu
615 2539 691 2615 eor,

0 2656 1 2659 ’
132 2661 186 2730 acu
208 2645 295 2729 tricet
316 2644 394 2729 accit
415 2648 451 2712 to
473 2645 530 2728 reo
554 2645 627 2728 [cte.
672 2647 733 2708 Pro

537 2806 674 2870 fundata

134 2920 187 2978 eet
209 2916 365 2996 plantata,
401 2914 458 2978 sed
491 2913 527 2975 in
555 2914 617 2977 hoo
640 2900 766 2978 eervata
787 2919 837 2976 eet
859 2933 897 2976 ea
919 2915 1019 2994 gloria
1041 2920 1078 2976 ut

135 3003 317 3068 deducatur
340 3003 497 3085 Ephraim
519 3008 551 3065 et
573 3002 712 3066 deducat
735 3002 816 3066 filios
837 3022 911 3065 euos
927 3001 969 3064 ad
983 3002 1077 3064 inter-

136 3093 304 3156 sectorem.

415 3217 465 3278 De
487 3217 543 3292 ete,
567 3215 699 3279 domine
721 3209 801 3278 eta³

230 3321 401 3418 Concludit
422 3323 519 3386 istam
543 3321 751 3386 amissionem
773 3321 900 3402 gloriae.
947 3342 1004 3402 pro

547 3482 671 3546 arentia

164 3596 188 3654 rt
212 3589 306 3652 eieea.
521 3589 557 3651 id
580 3596 643 3654 eet:
669 3610 736 3653 nou
758 3588 818 3652 erit
840 3590 877 3650 in
898 3607 1006 3669 regno.

152 3712 356 3723 —...-—.

231 3763 260 3831 1)
279 3777 306 3818 v.
326 3761 367 3817 13.
404 3763 432 3832 2)
452 3763 558 3832 Incipit
576 3764 622 3818 fol.
644 3762 703 3818 125.
714 3764 747 3817 A.
767 3761 861 3818 Meci.
897 3763 924 3830 3)
942 3781 969 3818 v.
989 3761 1031 3815 14
