<?xml version="1.0" encoding="UTF-8"?>
<!DOCTYPE html PUBLIC "-//W3C//DTD XHTML 1.0 Transitional//EN"
    "http://www.w3.org/TR/xhtml1/DTD/xhtml1-transitional.dtd">
<html xmlns="http://www.w3.org/1999/xhtml" xml:lang="en" lang="en">
 <head>
  <title>
</title>
<meta http-equiv="Content-Type" content="text/html;charset=utf-8" />
  <meta name='ocr-system' content='tesseract 3.04.00' />
  <meta name='ocr-capabilities' content='ocr_page ocr_carea ocr_par ocr_line ocrx_word'/>
</head>
<body>
  <div class='ocr_page' id='page_1' title='image "./exegeticaoperal13luthgoog_0422.png"; bbox 0 0 2575 4225; ppageno 0'>
   <div class='ocr_carea' id='block_1_1' title="bbox 445 308 1081 391">
    <p class='ocr_par' dir='ltr' id='par_1_1' title="bbox 445 308 1081 391">
     <span class='ocr_line' id='line_1_1' title="bbox 445 308 1081 391; baseline 0.008 -21"><span class='ocrx_word' id='word_1_1' title='bbox 445 308 571 371; x_wconf 84' lang='lat' dir='ltr'><strong>Hoecae</strong></span> <span class='ocrx_word' id='word_1_2' title='bbox 595 309 780 391; x_wconf 88' lang='lat' dir='ltr'><strong>prophetae.</strong></span> <span class='ocrx_word' id='word_1_3' title='bbox 910 372 915 381; x_wconf 82' lang='grc'><em>,</em></span> <span class='ocrx_word' id='word_1_4' title='bbox 1016 312 1081 375; x_wconf 79' lang='grc'><strong>411</strong></span> 
     </span>
    </p>
   </div>
   <div class='ocr_carea' id='block_1_2' title="bbox 13 479 1083 746">
    <p class='ocr_par' dir='ltr' id='par_1_2' title="bbox 13 479 1083 746">
     <span class='ocr_line' id='line_1_2' title="bbox 141 479 1081 594; baseline 0.006 -48"><span class='ocrx_word' id='word_1_5' title='bbox 141 479 273 594; x_wconf 79' lang='lat' dir='ltr'><strong>¹0unis</strong></span> <span class='ocrx_word' id='word_1_6' title='bbox 301 484 389 547; x_wconf 89' lang='lat' dir='ltr'><strong>enim</strong></span> <span class='ocrx_word' id='word_1_7' title='bbox 420 484 473 547; x_wconf 92' lang='lat' dir='ltr'><strong>dei</strong></span> <span class='ocrx_word' id='word_1_8' title='bbox 500 486 605 549; x_wconf 87' lang='lat' dir='ltr'><strong>cultus</strong></span> <span class='ocrx_word' id='word_1_9' title='bbox 634 487 671 547; x_wconf 92' lang='lat' dir='ltr'><strong>in</strong></span> <span class='ocrx_word' id='word_1_10' title='bbox 704 486 755 549; x_wconf 92' lang='lat' dir='ltr'><strong>his</strong></span> <span class='ocrx_word' id='word_1_11' title='bbox 790 487 916 551; x_wconf 90' lang='lat' dir='ltr'><strong>duobus</strong></span> <span class='ocrx_word' id='word_1_12' title='bbox 947 495 1081 553; x_wconf 86' lang='lat' dir='ltr'><strong>constat.</strong></span> 
     </span>
     <span class='ocr_line' id='line_1_3' title="bbox 221 574 1083 653; baseline 0.006 -18"><span class='ocrx_word' id='word_1_13' title='bbox 221 574 380 651; x_wconf 89' lang='lat' dir='ltr'><strong>Primum,</strong></span> <span class='ocrx_word' id='word_1_14' title='bbox 413 579 452 637; x_wconf 89' lang='lat' dir='ltr'><strong>ut</strong></span> <span class='ocrx_word' id='word_1_15' title='bbox 474 575 622 638; x_wconf 87' lang='lat' dir='ltr'><strong>attendas</strong></span> <span class='ocrx_word' id='word_1_16' title='bbox 646 576 756 653; x_wconf 90' lang='lat' dir='ltr'><strong>verbo,</strong></span> <span class='ocrx_word' id='word_1_17' title='bbox 785 582 817 640; x_wconf 87' lang='lat' dir='ltr'><strong>et</strong></span> <span class='ocrx_word' id='word_1_18' title='bbox 844 577 955 641; x_wconf 80' lang='lat' dir='ltr'>audias</span> <span class='ocrx_word' id='word_1_19' title='bbox 978 578 1083 640; x_wconf 90' lang='lat' dir='ltr'><strong>filium</strong></span> 
     </span>
     <span class='ocr_line' id='line_1_4' title="bbox 13 660 1081 746; baseline 0.007 -24"><span class='ocrx_word' id='word_1_20' title='bbox 13 679 14 690; x_wconf 58' lang='lat'>¹</span> <span class='ocrx_word' id='word_1_21' title='bbox 52 711 57 721; x_wconf 89' lang='lat'>.</span> <span class='ocrx_word' id='word_1_22' title='bbox 135 662 192 723; x_wconf 91' lang='lat' dir='ltr'><strong>dci</strong></span> <span class='ocrx_word' id='word_1_23' title='bbox 216 662 461 726; x_wconf 80' lang='lat' dir='ltr'><strong>concionantem</strong></span> <span class='ocrx_word' id='word_1_24' title='bbox 483 663 524 725; x_wconf 88' lang='lat' dir='ltr'><strong>de</strong></span> <span class='ocrx_word' id='word_1_25' title='bbox 542 660 762 728; x_wconf 75' lang='lat' dir='ltr'><strong>misericordia</strong></span> <span class='ocrx_word' id='word_1_26' title='bbox 784 666 894 746; x_wconf 89' lang='lat' dir='ltr'><strong>patris,</strong></span> <span class='ocrx_word' id='word_1_27' title='bbox 919 671 952 729; x_wconf 92' lang='lat' dir='ltr'><strong>et</strong></span> <span class='ocrx_word' id='word_1_28' title='bbox 974 686 1081 730; x_wconf 87' lang='lat' dir='ltr'><strong>amore</strong></span> 
     </span>
    </p>
   </div>
   <div class='ocr_carea' id='block_1_3' title="bbox 134 751 1083 1459">
    <p class='ocr_par' dir='ltr' id='par_1_3' title="bbox 134 751 1083 1365">
     <span class='ocr_line' id='line_1_5' title="bbox 136 751 1082 831; baseline 0.006 -18"><span class='ocrx_word' id='word_1_29' title='bbox 136 771 214 831; x_wconf 88' lang='lat' dir='ltr'><strong>erga</strong></span> <span class='ocrx_word' id='word_1_30' title='bbox 243 771 317 828; x_wconf 91' lang='lat' dir='ltr'><strong>nos,</strong></span> <span class='ocrx_word' id='word_1_31' title='bbox 354 756 387 815; x_wconf 91' lang='lat' dir='ltr'><strong>et</strong></span> <span class='ocrx_word' id='word_1_32' title='bbox 415 751 455 813; x_wconf 91' lang='lat' dir='ltr'><strong>de</strong></span> <span class='ocrx_word' id='word_1_33' title='bbox 486 772 544 815; x_wconf 85' lang='lat' dir='ltr'><strong>suo</strong></span> <span class='ocrx_word' id='word_1_34' title='bbox 574 754 698 816; x_wconf 87' lang='lat' dir='ltr'><strong>merito.</strong></span> <span class='ocrx_word' id='word_1_35' title='bbox 763 754 827 816; x_wconf 89' lang='lat' dir='ltr'><strong>Hic</strong></span> <span class='ocrx_word' id='word_1_36' title='bbox 857 760 907 819; x_wconf 89' lang='lat' dir='ltr'><strong>est</strong></span> <span class='ocrx_word' id='word_1_37' title='bbox 934 776 1082 819; x_wconf 85' lang='lat' dir='ltr'><strong>summus</strong></span> 
     </span>
     <span class='ocr_line' id='line_1_6' title="bbox 135 840 1080 921; baseline 0.004 -18"><span class='ocrx_word' id='word_1_38' title='bbox 135 840 254 918; x_wconf 86' lang='lat' dir='ltr'><strong>cultus,</strong></span> <span class='ocrx_word' id='word_1_39' title='bbox 280 859 378 920; x_wconf 90' lang='lat' dir='ltr'><strong>quem</strong></span> <span class='ocrx_word' id='word_1_40' title='bbox 401 860 499 921; x_wconf 88' lang='lat' dir='ltr'><strong>supra</strong></span> <span class='ocrx_word' id='word_1_41' title='bbox 520 841 557 903; x_wconf 91' lang='lat' dir='ltr'><strong>in</strong></span> <span class='ocrx_word' id='word_1_42' title='bbox 579 848 670 904; x_wconf 85' lang='lat' dir='ltr'><strong>sexto</strong></span> <span class='ocrx_word' id='word_1_43' title='bbox 692 843 818 906; x_wconf 83' lang='lat' dir='ltr'><strong>vocavit</strong></span> <span class='ocrx_word' id='word_1_44' title='bbox 841 845 994 907; x_wconf 78' lang='lat' dir='ltr'><strong>noticiam</strong></span> <span class='ocrx_word' id='word_1_45' title='bbox 1017 845 1080 921; x_wconf 90' lang='lat' dir='ltr'><strong>dei,</strong></span> 
     </span>
     <span class='ocr_line' id='line_1_7' title="bbox 135 930 1081 1011; baseline 0.006 -20"><span class='ocrx_word' id='word_1_46' title='bbox 135 935 171 992; x_wconf 90' lang='lat' dir='ltr'><strong>et</strong></span> <span class='ocrx_word' id='word_1_47' title='bbox 199 930 354 1011; x_wconf 88' lang='lat' dir='ltr'><strong>praetulit</strong></span> <span class='ocrx_word' id='word_1_48' title='bbox 381 930 585 993; x_wconf 80' lang='lat' dir='ltr'><strong>holocaustis.</strong></span> <span class='ocrx_word' id='word_1_49' title='bbox 631 930 696 992; x_wconf 90' lang='lat' dir='ltr'><strong>Hic</strong></span> <span class='ocrx_word' id='word_1_50' title='bbox 726 936 835 993; x_wconf 90' lang='lat' dir='ltr'><strong>autem</strong></span> <span class='ocrx_word' id='word_1_51' title='bbox 863 940 955 996; x_wconf 85' lang='lat' dir='ltr'><strong>vocat</strong></span> <span class='ocrx_word' id='word_1_52' title='bbox 993 935 1081 997; x_wconf 88' lang='lat' dir='ltr'><strong>iusti·</strong></span> 
     </span>
     <span class='ocr_line' id='line_1_8' title="bbox 134 1017 1081 1103; baseline 0.005 -23"><span class='ocrx_word' id='word_1_53' title='bbox 134 1018 233 1095; x_wconf 90' lang='lat' dir='ltr'><strong>ciam,</strong></span> <span class='ocrx_word' id='word_1_54' title='bbox 258 1017 339 1098; x_wconf 89' lang='lat' dir='ltr'><strong>quid</strong></span> <span class='ocrx_word' id='word_1_55' title='bbox 361 1018 450 1081; x_wconf 86' lang='lat' dir='ltr'><strong>enim</strong></span> <span class='ocrx_word' id='word_1_56' title='bbox 465 1017 554 1081; x_wconf 88' lang='lat' dir='ltr'><strong>aliud</strong></span> <span class='ocrx_word' id='word_1_57' title='bbox 577 1038 749 1100; x_wconf 88' lang='lat' dir='ltr'><strong>possumus</strong></span> <span class='ocrx_word' id='word_1_58' title='bbox 767 1019 827 1083; x_wconf 94' lang='lat' dir='ltr'><strong>deo</strong></span> <span class='ocrx_word' id='word_1_59' title='bbox 843 1021 957 1098; x_wconf 84' lang='lat' dir='ltr'><strong>facere,</strong></span> <span class='ocrx_word' id='word_1_60' title='bbox 982 1042 1081 1103; x_wconf 88' lang='lat' dir='ltr'><strong>quam</strong></span> 
     </span>
     <span class='ocr_line' id='line_1_9' title="bbox 135 1107 1079 1192; baseline 0.005 -23"><span class='ocrx_word' id='word_1_61' title='bbox 135 1112 175 1170; x_wconf 90' lang='lat' dir='ltr'><strong>ut</strong></span> <span class='ocrx_word' id='word_1_62' title='bbox 190 1108 278 1169; x_wconf 90' lang='lat' dir='ltr'><strong>dona</strong></span> <span class='ocrx_word' id='word_1_63' title='bbox 300 1127 383 1188; x_wconf 89' lang='lat' dir='ltr'><strong>quac</strong></span> <span class='ocrx_word' id='word_1_64' title='bbox 404 1107 500 1171; x_wconf 87' lang='lat' dir='ltr'><strong>nobis</strong></span> <span class='ocrx_word' id='word_1_65' title='bbox 515 1108 618 1184; x_wconf 87' lang='lat' dir='ltr'><strong>offert,</strong></span> <span class='ocrx_word' id='word_1_66' title='bbox 643 1113 733 1187; x_wconf 87' lang='lat' dir='ltr'><strong>grato</strong></span> <span class='ocrx_word' id='word_1_67' title='bbox 748 1108 858 1172; x_wconf 89' lang='lat' dir='ltr'><strong>animo</strong></span> <span class='ocrx_word' id='word_1_68' title='bbox 874 1111 1079 1192; x_wconf 86' lang='lat' dir='ltr'><strong>accipiamus,</strong></span> 
     </span>
     <span class='ocr_line' id='line_1_10' title="bbox 135 1196 1083 1280; baseline 0.006 -23"><span class='ocrx_word' id='word_1_69' title='bbox 135 1202 171 1258; x_wconf 88' lang='lat' dir='ltr'><strong>et</strong></span> <span class='ocrx_word' id='word_1_70' title='bbox 201 1216 269 1259; x_wconf 90' lang='lat' dir='ltr'><strong>non</strong></span> <span class='ocrx_word' id='word_1_71' title='bbox 297 1216 336 1258; x_wconf 90' lang='lat' dir='ltr'><strong>ea</strong></span> <span class='ocrx_word' id='word_1_72' title='bbox 362 1215 560 1272; x_wconf 84' lang='lat' dir='ltr'><strong>aversemur,</strong></span> <span class='ocrx_word' id='word_1_73' title='bbox 596 1196 681 1260; x_wconf 90' lang='lat' dir='ltr'><strong>sicut</strong></span> <span class='ocrx_word' id='word_1_74' title='bbox 707 1197 832 1262; x_wconf 86' lang='lat' dir='ltr'><strong>faciunt</strong></span> <span class='ocrx_word' id='word_1_75' title='bbox 860 1199 1021 1280; x_wconf 88' lang='lat' dir='ltr'><strong>pharisaei</strong></span> <span class='ocrx_word' id='word_1_76' title='bbox 1050 1207 1083 1263; x_wconf 90' lang='lat' dir='ltr'><strong>ct</strong></span> 
     </span>
     <span class='ocr_line' id='line_1_11' title="bbox 135 1285 786 1365; baseline 0.003 -19"><span class='ocrx_word' id='word_1_77' title='bbox 135 1285 326 1365; x_wconf 78' lang='lat' dir='ltr'><strong>hypocritae</strong></span> <span class='ocrx_word' id='word_1_78' title='bbox 349 1285 384 1347; x_wconf 91' lang='lat' dir='ltr'><strong>in</strong></span> <span class='ocrx_word' id='word_1_79' title='bbox 408 1286 582 1365; x_wconf 83' lang='lat' dir='ltr'><strong>evangelio.</strong></span> <span class='ocrx_word' id='word_1_80' title='bbox 784 1300 786 1308; x_wconf 79' lang='grc'>’</span> 
     </span>
    </p>

    <p class='ocr_par' dir='ltr' id='par_1_4' title="bbox 232 1368 1081 1459">
     <span class='ocr_line' id='line_1_12' title="bbox 232 1368 1081 1459; baseline 0.008 -24"><span class='ocrx_word' id='word_1_81' title='bbox 232 1368 327 1437; x_wconf 72' lang='lat' dir='ltr'><strong>2P0st</strong></span> <span class='ocrx_word' id='word_1_82' title='bbox 340 1374 429 1437; x_wconf 93' lang='lat' dir='ltr'><strong>hunc</strong></span> <span class='ocrx_word' id='word_1_83' title='bbox 443 1376 568 1437; x_wconf 86' lang='lat' dir='ltr'><strong>cultum</strong></span> <span class='ocrx_word' id='word_1_84' title='bbox 583 1374 750 1456; x_wconf 87' lang='lat' dir='ltr'><strong>proximus</strong></span> <span class='ocrx_word' id='word_1_85' title='bbox 774 1381 830 1452; x_wconf 84' lang='lat' dir='ltr'><strong>est,</strong></span> <span class='ocrx_word' id='word_1_86' title='bbox 855 1382 893 1439; x_wconf 90' lang='lat' dir='ltr'><strong>ut</strong></span> <span class='ocrx_word' id='word_1_87' title='bbox 907 1376 996 1440; x_wconf 86' lang='lat' dir='ltr'><strong>iuves</strong></span> <span class='ocrx_word' id='word_1_88' title='bbox 1011 1399 1081 1459; x_wconf 93' lang='lat' dir='ltr'><strong>pro-</strong></span> 
     </span>
    </p>
   </div>
   <div class='ocr_carea' id='block_1_4' title="bbox 134 1452 1278 1577">
    <p class='ocr_par' dir='ltr' id='par_1_5' title="bbox 134 1452 1278 1577">
     <span class='ocr_line' id='line_1_13' title="bbox 134 1452 1278 1577; baseline 0.005 -52"><span class='ocrx_word' id='word_1_89' title='bbox 134 1462 274 1540; x_wconf 87' lang='lat' dir='ltr'><strong>ximum,</strong></span> <span class='ocrx_word' id='word_1_90' title='bbox 298 1464 361 1525; x_wconf 93' lang='lat' dir='ltr'><strong>hoc</strong></span> <span class='ocrx_word' id='word_1_91' title='bbox 383 1468 446 1541; x_wconf 89' lang='lat' dir='ltr'><strong>est,</strong></span> <span class='ocrx_word' id='word_1_92' title='bbox 471 1484 583 1527; x_wconf 90' lang='lat' dir='ltr'><strong>omnes</strong></span> <span class='ocrx_word' id='word_1_93' title='bbox 605 1462 779 1545; x_wconf 77' lang='lat' dir='ltr'><strong>illos,‘qui</strong></span> <span class='ocrx_word' id='word_1_94' title='bbox 801 1470 858 1527; x_wconf 90' lang='lat' dir='ltr'><strong>tua</strong></span> <span class='ocrx_word' id='word_1_95' title='bbox 880 1486 977 1547; x_wconf 90' lang='lat' dir='ltr'><strong>opera</strong></span> <span class='ocrx_word' id='word_1_96' title='bbox 999 1487 1081 1549; x_wconf 88' lang='lat' dir='ltr'><strong>opus</strong></span> <span class='ocrx_word' id='word_1_97' title='bbox 1152 1490 1153 1495; x_wconf 48' lang='lat'>¹</span> <span class='ocrx_word' id='word_1_98' title='bbox 1240 1452 1278 1577; x_wconf 52' lang='lat' dir='ltr'><strong>ff}</strong></span> 
     </span>
    </p>
   </div>
   <div class='ocr_carea' id='block_1_5' title="bbox 103 1552 1082 2529">
    <p class='ocr_par' dir='ltr' id='par_1_6' title="bbox 103 1552 1082 2529">
     <span class='ocr_line' id='line_1_14' title="bbox 103 1552 1081 1633; baseline 0.007 -20"><span class='ocrx_word' id='word_1_99' title='bbox 103 1616 117 1631; x_wconf 58' lang='grc'><strong>,</strong></span> <span class='ocrx_word' id='word_1_100' title='bbox 134 1552 268 1615; x_wconf 89' lang='lat' dir='ltr'><strong>habent.</strong></span> <span class='ocrx_word' id='word_1_101' title='bbox 322 1553 413 1615; x_wconf 90' lang='lat' dir='ltr'><strong>Haec</strong></span> <span class='ocrx_word' id='word_1_102' title='bbox 446 1558 496 1615; x_wconf 89' lang='lat' dir='ltr'><strong>cst</strong></span> <span class='ocrx_word' id='word_1_103' title='bbox 528 1552 675 1625; x_wconf 89' lang='lat' dir='ltr'><strong>dilectio,</strong></span> <span class='ocrx_word' id='word_1_104' title='bbox 711 1572 811 1633; x_wconf 87' lang='lat' dir='ltr'><strong>quam</strong></span> <span class='ocrx_word' id='word_1_105' title='bbox 837 1555 955 1618; x_wconf 89' lang='lat' dir='ltr'><strong>Paulus</strong></span> <span class='ocrx_word' id='word_1_106' title='bbox 989 1562 1081 1620; x_wconf 86' lang='lat' dir='ltr'><strong>vocat</strong></span> 
     </span>
     <span class='ocr_line' id='line_1_15' title="bbox 135 1642 1082 1721; baseline 0.005 -18"><span class='ocrx_word' id='word_1_107' title='bbox 135 1642 451 1704; x_wconf 84' lang='lat' dir='ltr'><strong>consummationem</strong></span> <span class='ocrx_word' id='word_1_108' title='bbox 479 1642 574 1721; x_wconf 88' lang='lat' dir='ltr'><strong>legis,</strong></span> <span class='ocrx_word' id='word_1_109' title='bbox 608 1662 686 1704; x_wconf 91' lang='lat' dir='ltr'><strong>nam</strong></span> <span class='ocrx_word' id='word_1_110' title='bbox 713 1642 854 1705; x_wconf 86' lang='lat' dir='ltr'><strong>secunda</strong></span> <span class='ocrx_word' id='word_1_111' title='bbox 880 1643 991 1707; x_wconf 89' lang='lat' dir='ltr'><strong>tabula</strong></span> <span class='ocrx_word' id='word_1_112' title='bbox 1013 1650 1082 1708; x_wconf 88' lang='lat' dir='ltr'><strong>tota</strong></span> 
     </span>
     <span class='ocr_line' id='line_1_16' title="bbox 134 1729 1081 1811; baseline 0.006 -20"><span class='ocrx_word' id='word_1_113' title='bbox 134 1729 171 1791; x_wconf 91' lang='lat' dir='ltr'><strong>in</strong></span> <span class='ocrx_word' id='word_1_114' title='bbox 201 1730 353 1811; x_wconf 84' lang='lat' dir='ltr'><strong>operibus</strong></span> <span class='ocrx_word' id='word_1_115' title='bbox 381 1730 562 1794; x_wconf 87' lang='lat' dir='ltr'><strong>dilectionis</strong></span> <span class='ocrx_word' id='word_1_116' title='bbox 596 1731 805 1794; x_wconf 86' lang='lat' dir='ltr'><strong>consumitur.</strong></span> <span class='ocrx_word' id='word_1_117' title='bbox 852 1731 943 1795; x_wconf 83' lang='lat' dir='ltr'><strong>Sicut</strong></span> <span class='ocrx_word' id='word_1_118' title='bbox 972 1738 1081 1797; x_wconf 88' lang='lat' dir='ltr'><strong>autem</strong></span> 
     </span>
     <span class='ocr_line' id='line_1_17' title="bbox 134 1819 1077 1899; baseline 0.005 -20"><span class='ocrx_word' id='word_1_119' title='bbox 134 1820 280 1881; x_wconf 88' lang='lat' dir='ltr'><strong>mundus</strong></span> <span class='ocrx_word' id='word_1_120' title='bbox 311 1820 462 1899; x_wconf 84' lang='lat' dir='ltr'><strong>gratiam,</strong></span> <span class='ocrx_word' id='word_1_121' title='bbox 495 1840 594 1899; x_wconf 88' lang='lat' dir='ltr'><strong>quam</strong></span> <span class='ocrx_word' id='word_1_122' title='bbox 621 1819 702 1882; x_wconf 85' lang='lat' dir='ltr'><strong>deus</strong></span> <span class='ocrx_word' id='word_1_123' title='bbox 731 1820 767 1881; x_wconf 92' lang='lat' dir='ltr'><strong>in</strong></span> <span class='ocrx_word' id='word_1_124' title='bbox 796 1820 861 1883; x_wconf 91' lang='lat' dir='ltr'><strong>filio</strong></span> <span class='ocrx_word' id='word_1_125' title='bbox 891 1840 949 1883; x_wconf 88' lang='lat' dir='ltr'><strong>suo</strong></span> <span class='ocrx_word' id='word_1_126' title='bbox 977 1822 1077 1897; x_wconf 90' lang='lat' dir='ltr'><strong>offert,</strong></span> 
     </span>
     <span class='ocr_line' id='line_1_18' title="bbox 133 1907 1079 1988; baseline 0.004 -19"><span class='ocrx_word' id='word_1_127' title='bbox 133 1909 275 1988; x_wconf 88' lang='lat' dir='ltr'><strong>superbe</strong></span> <span class='ocrx_word' id='word_1_128' title='bbox 290 1909 478 1985; x_wconf 84' lang='lat' dir='ltr'><strong>contemnit,</strong></span> <span class='ocrx_word' id='word_1_129' title='bbox 503 1914 536 1971; x_wconf 89' lang='lat' dir='ltr'><strong>et</strong></span> <span class='ocrx_word' id='word_1_130' title='bbox 550 1909 677 1988; x_wconf 91' lang='lat' dir='ltr'><strong>quaerit</strong></span> <span class='ocrx_word' id='word_1_131' title='bbox 699 1907 778 1971; x_wconf 85' lang='lat' dir='ltr'><strong>alias</strong></span> <span class='ocrx_word' id='word_1_132' title='bbox 799 1908 867 1971; x_wconf 87' lang='lat' dir='ltr'><strong>vias</strong></span> <span class='ocrx_word' id='word_1_133' title='bbox 883 1910 1079 1973; x_wconf 85' lang='lat' dir='ltr'><strong>remissionis</strong></span> 
     </span>
     <span class='ocr_line' id='line_1_19' title="bbox 133 1996 1080 2077; baseline 0.004 -19"><span class='ocrx_word' id='word_1_134' title='bbox 133 2001 356 2077; x_wconf 88' lang='lat' dir='ltr'><strong>peccatorum,</strong></span> <span class='ocrx_word' id='word_1_135' title='bbox 387 2018 487 2077; x_wconf 91' lang='lat' dir='ltr'><strong>quam</strong></span> <span class='ocrx_word' id='word_1_136' title='bbox 515 1997 614 2060; x_wconf 89' lang='lat' dir='ltr'><strong>fidem</strong></span> <span class='ocrx_word' id='word_1_137' title='bbox 642 1997 680 2060; x_wconf 93' lang='lat' dir='ltr'><strong>in</strong></span> <span class='ocrx_word' id='word_1_138' title='bbox 702 1996 876 2061; x_wconf 79' lang='lat' dir='ltr'><strong>Christum.</strong></span> <span class='ocrx_word' id='word_1_139' title='bbox 923 1999 973 2061; x_wconf 87' lang='lat' dir='ltr'><strong>Ita</strong></span> <span class='ocrx_word' id='word_1_140' title='bbox 1000 2000 1080 2062; x_wconf 89' lang='lat' dir='ltr'><strong>hacc</strong></span> 
     </span>
     <span class='ocr_line' id='line_1_20' title="bbox 132 2085 1078 2170; baseline 0.005 -23"><span class='ocrx_word' id='word_1_141' title='bbox 132 2085 303 2150; x_wconf 87' lang='lat' dir='ltr'><strong>charitatis</strong></span> <span class='ocrx_word' id='word_1_142' title='bbox 331 2106 443 2168; x_wconf 91' lang='lat' dir='ltr'><strong>opera,</strong></span> <span class='ocrx_word' id='word_1_143' title='bbox 474 2093 632 2168; x_wconf 89' lang='lat' dir='ltr'><strong>tanquam</strong></span> <span class='ocrx_word' id='word_1_144' title='bbox 658 2086 743 2151; x_wconf 81' lang='lat' dir='ltr'><strong>levia</strong></span> <span class='ocrx_word' id='word_1_145' title='bbox 771 2091 804 2150; x_wconf 89' lang='lat' dir='ltr'><strong>et</strong></span> <span class='ocrx_word' id='word_1_146' title='bbox 832 2087 910 2152; x_wconf 89' lang='lat' dir='ltr'><strong>vilia</strong></span> <span class='ocrx_word' id='word_1_147' title='bbox 936 2088 1078 2170; x_wconf 84' lang='lat' dir='ltr'><strong>negligit.</strong></span> 
     </span>
     <span class='ocr_line' id='line_1_21' title="bbox 133 2174 1078 2258; baseline 0.005 -22"><span class='ocrx_word' id='word_1_148' title='bbox 133 2174 257 2256; x_wconf 87' lang='lat' dir='ltr'><strong>Deligit</strong></span> <span class='ocrx_word' id='word_1_149' title='bbox 284 2176 536 2257; x_wconf 86' lang='lat' dir='ltr'><strong>sumptuosiora,</strong></span> <span class='ocrx_word' id='word_1_150' title='bbox 578 2181 611 2239; x_wconf 86' lang='lat' dir='ltr'><strong>et</strong></span> <span class='ocrx_word' id='word_1_151' title='bbox 644 2177 681 2238; x_wconf 91' lang='lat' dir='ltr'><strong>in</strong></span> <span class='ocrx_word' id='word_1_152' title='bbox 715 2177 856 2258; x_wconf 88' lang='lat' dir='ltr'><strong>speciem</strong></span> <span class='ocrx_word' id='word_1_153' title='bbox 888 2177 1078 2255; x_wconf 87' lang='lat' dir='ltr'><strong>difficiliora,</strong></span> 
     </span>
     <span class='ocr_line' id='line_1_22' title="bbox 133 2265 1080 2347; baseline 0.007 -23"><span class='ocrx_word' id='word_1_154' title='bbox 133 2283 203 2325; x_wconf 91' lang='lat' dir='ltr'><strong>non</strong></span> <span class='ocrx_word' id='word_1_155' title='bbox 218 2265 288 2327; x_wconf 87' lang='lat' dir='ltr'><strong>vult</strong></span> <span class='ocrx_word' id='word_1_156' title='bbox 303 2265 420 2347; x_wconf 91' lang='lat' dir='ltr'><strong>opibus</strong></span> <span class='ocrx_word' id='word_1_157' title='bbox 439 2265 549 2329; x_wconf 87' lang='lat' dir='ltr'><strong>iuvare</strong></span> <span class='ocrx_word' id='word_1_158' title='bbox 564 2265 777 2343; x_wconf 82' lang='lat' dir='ltr'><strong>calamitosos,</strong></span> <span class='ocrx_word' id='word_1_159' title='bbox 802 2265 860 2330; x_wconf 90' lang='lat' dir='ltr'><strong>sed</strong></span> <span class='ocrx_word' id='word_1_160' title='bbox 875 2266 982 2344; x_wconf 90' lang='lat' dir='ltr'><strong>deum,</strong></span> <span class='ocrx_word' id='word_1_161' title='bbox 1007 2267 1080 2331; x_wconf 89' lang='lat' dir='ltr'><strong>idco</strong></span> 
     </span>
     <span class='ocr_line' id='line_1_23' title="bbox 132 2352 1079 2437; baseline 0.004 -22"><span class='ocrx_word' id='word_1_162' title='bbox 132 2352 398 2434; x_wconf 89' lang='lat' dir='ltr'><strong>multiplicabant</strong></span> <span class='ocrx_word' id='word_1_163' title='bbox 425 2373 515 2416; x_wconf 88' lang='lat' dir='ltr'><strong>sacra</strong></span> <span class='ocrx_word' id='word_1_164' title='bbox 541 2353 637 2435; x_wconf 89' lang='lat' dir='ltr'><strong>impii</strong></span> <span class='ocrx_word' id='word_1_165' title='bbox 658 2354 781 2417; x_wconf 89' lang='lat' dir='ltr'><strong>Iudaei.</strong></span> <span class='ocrx_word' id='word_1_166' title='bbox 834 2355 943 2418; x_wconf 89' lang='lat' dir='ltr'><strong>Nostri</strong></span> <span class='ocrx_word' id='word_1_167' title='bbox 968 2357 1004 2418; x_wconf 92' lang='lat' dir='ltr'><strong>in</strong></span> <span class='ocrx_word' id='word_1_168' title='bbox 1026 2377 1079 2437; x_wconf 89' lang='lat' dir='ltr'><strong>pa-</strong></span> 
     </span>
     <span class='ocr_line' id='line_1_24' title="bbox 134 2441 1080 2529; baseline 0.004 -26"><span class='ocrx_word' id='word_1_169' title='bbox 134 2446 217 2522; x_wconf 88' lang='lat' dir='ltr'><strong>patu</strong></span> <span class='ocrx_word' id='word_1_170' title='bbox 239 2441 412 2505; x_wconf 87' lang='lat' dir='ltr'><strong>immodice</strong></span> <span class='ocrx_word' id='word_1_171' title='bbox 426 2441 632 2524; x_wconf 85' lang='lat' dir='ltr'><strong>profundunt</strong></span> <span class='ocrx_word' id='word_1_172' title='bbox 645 2462 723 2524; x_wconf 91' lang='lat' dir='ltr'><strong>opes</strong></span> <span class='ocrx_word' id='word_1_173' title='bbox 746 2444 783 2504; x_wconf 92' lang='lat' dir='ltr'><strong>in</strong></span> <span class='ocrx_word' id='word_1_174' title='bbox 798 2449 987 2529; x_wconf 89' lang='lat' dir='ltr'><strong>ornamenta</strong></span> <span class='ocrx_word' id='word_1_175' title='bbox 1002 2450 1080 2507; x_wconf 86' lang='lat' dir='ltr'><strong>tern-</strong></span> 
     </span>
    </p>
   </div>
   <div class='ocr_carea' id='block_1_6' title="bbox 21 2529 1077 2610">
    <p class='ocr_par' dir='ltr' id='par_1_7' title="bbox 21 2529 1077 2610">
     <span class='ocr_line' id='line_1_25' title="bbox 21 2529 1077 2610; baseline 0.004 -18"><span class='ocrx_word' id='word_1_176' title='bbox 21 2553 24 2558; x_wconf 95' lang='lat'>·</span> <span class='ocrx_word' id='word_1_177' title='bbox 133 2530 274 2610; x_wconf 88' lang='lat' dir='ltr'><strong>plorum.</strong></span> <span class='ocrx_word' id='word_1_178' title='bbox 321 2529 475 2594; x_wconf 74' lang='lat' dir='ltr'><strong>sednon</strong></span> <span class='ocrx_word' id='word_1_179' title='bbox 499 2531 637 2602; x_wconf 81' lang='lat' dir='ltr'><strong>estista</strong></span> <span class='ocrx_word' id='word_1_180' title='bbox 659 2551 734 2596; x_wconf 84' lang='lat' dir='ltr'><strong>vera</strong></span> <span class='ocrx_word' id='word_1_181' title='bbox 756 2532 838 2594; x_wconf 92' lang='lat' dir='ltr'><strong>ratio</strong></span> <span class='ocrx_word' id='word_1_182' title='bbox 868 2533 994 2596; x_wconf 87' lang='lat' dir='ltr'><strong>colendi</strong></span> <span class='ocrx_word' id='word_1_183' title='bbox 1016 2533 1077 2609; x_wconf 89' lang='lat' dir='ltr'><strong>dei,</strong></span> 
     </span>
    </p>
   </div>
   <div class='ocr_carea' id='block_1_7' title="bbox 132 2620 1082 3575">
    <p class='ocr_par' dir='ltr' id='par_1_8' title="bbox 132 2620 1080 2963">
     <span class='ocr_line' id='line_1_26' title="bbox 134 2620 1080 2704; baseline 0.005 -24"><span class='ocrx_word' id='word_1_184' title='bbox 134 2637 204 2680; x_wconf 90' lang='lat' dir='ltr'><strong>non</strong></span> <span class='ocrx_word' id='word_1_185' title='bbox 226 2639 308 2700; x_wconf 91' lang='lat' dir='ltr'><strong>opus</strong></span> <span class='ocrx_word' id='word_1_186' title='bbox 330 2620 430 2683; x_wconf 91' lang='lat' dir='ltr'><strong>habet</strong></span> <span class='ocrx_word' id='word_1_187' title='bbox 451 2635 530 2683; x_wconf 90' lang='lat' dir='ltr'><strong>auro</strong></span> <span class='ocrx_word' id='word_1_188' title='bbox 553 2625 586 2684; x_wconf 91' lang='lat' dir='ltr'><strong>et</strong></span> <span class='ocrx_word' id='word_1_189' title='bbox 608 2625 739 2700; x_wconf 87' lang='lat' dir='ltr'><strong>argento</strong></span> <span class='ocrx_word' id='word_1_190' title='bbox 762 2625 887 2698; x_wconf 86' lang='lat' dir='ltr'><strong>nostro,</strong></span> <span class='ocrx_word' id='word_1_191' title='bbox 911 2622 1080 2704; x_wconf 84' lang='lat' dir='ltr'><strong>proximus</strong></span> 
     </span>
     <span class='ocr_line' id='line_1_27' title="bbox 132 2709 1079 2789; baseline 0.005 -20"><span class='ocrx_word' id='word_1_192' title='bbox 132 2726 174 2769; x_wconf 89' lang='lat' dir='ltr'><strong>eo</strong></span> <span class='ocrx_word' id='word_1_193' title='bbox 197 2727 280 2789; x_wconf 90' lang='lat' dir='ltr'><strong>opus</strong></span> <span class='ocrx_word' id='word_1_194' title='bbox 302 2709 416 2786; x_wconf 87' lang='lat' dir='ltr'><strong>habet,</strong></span> <span class='ocrx_word' id='word_1_195' title='bbox 442 2729 518 2772; x_wconf 89' lang='lat' dir='ltr'><strong>eum</strong></span> <span class='ocrx_word' id='word_1_196' title='bbox 541 2729 617 2772; x_wconf 92' lang='lat' dir='ltr'><strong>cum</strong></span> <span class='ocrx_word' id='word_1_197' title='bbox 638 2710 805 2787; x_wconf 78' lang='lat' dir='ltr'><strong>iuramus,</strong></span> <span class='ocrx_word' id='word_1_198' title='bbox 831 2709 911 2773; x_wconf 90' lang='lat' dir='ltr'><strong>deus</strong></span> <span class='ocrx_word' id='word_1_199' title='bbox 935 2731 968 2773; x_wconf 88' lang='lat' dir='ltr'><strong>se</strong></span> <span class='ocrx_word' id='word_1_200' title='bbox 992 2711 1079 2774; x_wconf 91' lang='lat' dir='ltr'><strong>adiu·</strong></span> 
     </span>
     <span class='ocr_line' id='line_1_28' title="bbox 132 2797 1080 2880; baseline 0.007 -24"><span class='ocrx_word' id='word_1_201' title='bbox 132 2801 208 2857; x_wconf 85' lang='lat' dir='ltr'><strong>tum</strong></span> <span class='ocrx_word' id='word_1_202' title='bbox 230 2797 401 2876; x_wconf 87' lang='lat' dir='ltr'><strong>iudicabit,</strong></span> <span class='ocrx_word' id='word_1_203' title='bbox 434 2799 518 2862; x_wconf 88' lang='lat' dir='ltr'><strong>sicut</strong></span> <span class='ocrx_word' id='word_1_204' title='bbox 541 2798 686 2861; x_wconf 84' lang='lat' dir='ltr'><strong>Christus</strong></span> <span class='ocrx_word' id='word_1_205' title='bbox 713 2798 805 2862; x_wconf 88' lang='lat' dir='ltr'><strong>dicit:</strong></span> <span class='ocrx_word' id='word_1_206' title='bbox 842 2799 1008 2880; x_wconf 77' lang='lat' dir='ltr'><strong>Quidquid</strong></span> <span class='ocrx_word' id='word_1_207' title='bbox 1038 2801 1080 2863; x_wconf 87' lang='lat' dir='ltr'><strong>fe-</strong></span> 
     </span>
     <span class='ocr_line' id='line_1_29' title="bbox 133 2883 847 2963; baseline 0.008 -19"><span class='ocrx_word' id='word_1_208' title='bbox 133 2884 226 2948; x_wconf 92' lang='lat' dir='ltr'><strong>cistis</strong></span> <span class='ocrx_word' id='word_1_209' title='bbox 249 2886 387 2950; x_wconf 89' lang='lat' dir='ltr'><strong>minimo</strong></span> <span class='ocrx_word' id='word_1_210' title='bbox 410 2907 452 2950; x_wconf 88' lang='lat' dir='ltr'><strong>ex</strong></span> <span class='ocrx_word' id='word_1_211' title='bbox 473 2887 565 2963; x_wconf 85' lang='lat' dir='ltr'><strong>meis,</strong></span> <span class='ocrx_word' id='word_1_212' title='bbox 588 2887 673 2948; x_wconf 89' lang='lat' dir='ltr'><strong>mihi</strong></span> <span class='ocrx_word' id='word_1_213' title='bbox 696 2883 847 2950; x_wconf 80' lang='lat' dir='ltr'><strong>fecistis.³</strong></span> 
     </span>
    </p>

    <p class='ocr_par' dir='ltr' id='par_1_9' title="bbox 134 2974 1082 3575">
     <span class='ocr_line' id='line_1_30' title="bbox 226 2974 1080 3058; baseline 0.001 -21"><span class='ocrx_word' id='word_1_214' title='bbox 226 2974 290 3038; x_wconf 86' lang='lat' dir='ltr'><strong>Sed</strong></span> <span class='ocrx_word' id='word_1_215' title='bbox 312 2974 499 3058; x_wconf 86' lang='lat' dir='ltr'><strong>persuaderi</strong></span> <span class='ocrx_word' id='word_1_216' title='bbox 519 2976 600 3038; x_wconf 89' lang='lat' dir='ltr'><strong>haec</strong></span> <span class='ocrx_word' id='word_1_217' title='bbox 622 2975 747 3038; x_wconf 92' lang='lat' dir='ltr'><strong>mundo</strong></span> <span class='ocrx_word' id='word_1_218' title='bbox 770 2996 838 3039; x_wconf 92' lang='lat' dir='ltr'><strong>non</strong></span> <span class='ocrx_word' id='word_1_219' title='bbox 852 2981 999 3056; x_wconf 88' lang='lat' dir='ltr'><strong>possunt,</strong></span> <span class='ocrx_word' id='word_1_220' title='bbox 1023 2975 1080 3038; x_wconf 89' lang='lat' dir='ltr'><strong>ita—</strong></span> 
     </span>
     <span class='ocr_line' id='line_1_31' title="bbox 134 3063 1082 3144; baseline 0.002 -20"><span class='ocrx_word' id='word_1_221' title='bbox 134 3082 200 3141; x_wconf 89' lang='lat' dir='ltr'><strong>que</strong></span> <span class='ocrx_word' id='word_1_222' title='bbox 215 3063 396 3128; x_wconf 84' lang='lat' dir='ltr'><strong>doctrinam</strong></span> <span class='ocrx_word' id='word_1_223' title='bbox 412 3085 526 3128; x_wconf 88' lang='lat' dir='ltr'><strong>sanam</strong></span> <span class='ocrx_word' id='word_1_224' title='bbox 540 3085 606 3127; x_wconf 91' lang='lat' dir='ltr'><strong>non</strong></span> <span class='ocrx_word' id='word_1_225' title='bbox 622 3064 727 3127; x_wconf 91' lang='lat' dir='ltr'><strong>solum</strong></span> <span class='ocrx_word' id='word_1_226' title='bbox 742 3063 886 3144; x_wconf 86' lang='lat' dir='ltr'><strong>negligit,</strong></span> <span class='ocrx_word' id='word_1_227' title='bbox 909 3065 966 3126; x_wconf 89' lang='lat' dir='ltr'><strong>sed</strong></span> <span class='ocrx_word' id='word_1_228' title='bbox 982 3064 1082 3128; x_wconf 88' lang='lat' dir='ltr'><strong>etiam</strong></span> 
     </span>
     <span class='ocr_line' id='line_1_32' title="bbox 134 3150 1079 3234; baseline 0.005 -23"><span class='ocrx_word' id='word_1_229' title='bbox 134 3150 286 3230; x_wconf 88' lang='lat' dir='ltr'><strong>damnat,</strong></span> <span class='ocrx_word' id='word_1_230' title='bbox 323 3159 356 3217; x_wconf 89' lang='lat' dir='ltr'><strong>et</strong></span> <span class='ocrx_word' id='word_1_231' title='bbox 384 3175 520 3234; x_wconf 81' lang='lat' dir='ltr'><strong>magnos</strong></span> <span class='ocrx_word' id='word_1_232' title='bbox 550 3158 700 3234; x_wconf 88' lang='lat' dir='ltr'><strong>sumptus</strong></span> <span class='ocrx_word' id='word_1_233' title='bbox 729 3153 809 3217; x_wconf 85' lang='lat' dir='ltr'><strong>facit</strong></span> <span class='ocrx_word' id='word_1_234' title='bbox 835 3153 870 3214; x_wconf 89' lang='lat' dir='ltr'><strong>in</strong></span> <span class='ocrx_word' id='word_1_235' title='bbox 897 3173 947 3216; x_wconf 91' lang='lat' dir='ltr'><strong>rcs</strong></span> <span class='ocrx_word' id='word_1_236' title='bbox 975 3154 1079 3230; x_wconf 89' lang='lat' dir='ltr'><strong>nihili,</strong></span> 
     </span>
     <span class='ocr_line' id='line_1_33' title="bbox 136 3241 1080 3324; baseline 0.004 -24"><span class='ocrx_word' id='word_1_237' title='bbox 136 3241 290 3320; x_wconf 83' lang='lat' dir='ltr'><strong>neglectis</strong></span> <span class='ocrx_word' id='word_1_238' title='bbox 323 3244 532 3324; x_wconf 87' lang='lat' dir='ltr'><strong>pauperibus,</strong></span> <span class='ocrx_word' id='word_1_239' title='bbox 568 3261 707 3323; x_wconf 90' lang='lat' dir='ltr'><strong>quorum</strong></span> <span class='ocrx_word' id='word_1_240' title='bbox 741 3261 851 3305; x_wconf 91' lang='lat' dir='ltr'><strong>curam</strong></span> <span class='ocrx_word' id='word_1_241' title='bbox 885 3242 978 3305; x_wconf 84' lang='lat' dir='ltr'><strong>nobis</strong></span> <span class='ocrx_word' id='word_1_242' title='bbox 1012 3248 1080 3306; x_wconf 89' lang='lat' dir='ltr'><strong>tam</strong></span> 
     </span>
     <span class='ocr_line' id='line_1_34' title="bbox 135 3330 1079 3412; baseline 0.003 -22"><span class='ocrx_word' id='word_1_243' title='bbox 135 3330 272 3393; x_wconf 83' lang='lat' dir='ltr'><strong>sollicite</strong></span> <span class='ocrx_word' id='word_1_244' title='bbox 294 3331 445 3396; x_wconf 86' lang='lat' dir='ltr'><strong>dominus</strong></span> <span class='ocrx_word' id='word_1_245' title='bbox 468 3330 645 3395; x_wconf 88' lang='lat' dir='ltr'><strong>mandavit.</strong></span> <span class='ocrx_word' id='word_1_246' title='bbox 693 3331 756 3394; x_wconf 82' lang='lat' dir='ltr'><strong>Sed</strong></span> <span class='ocrx_word' id='word_1_247' title='bbox 778 3351 862 3411; x_wconf 87' lang='lat' dir='ltr'><strong>quae</strong></span> <span class='ocrx_word' id='word_1_248' title='bbox 884 3350 1006 3412; x_wconf 87' lang='lat' dir='ltr'><strong>poenae</strong></span> <span class='ocrx_word' id='word_1_249' title='bbox 1035 3351 1079 3394; x_wconf 88' lang='lat' dir='ltr'><strong>se-</strong></span> 
     </span>
     <span class='ocr_line' id='line_1_35' title="bbox 140 3418 1080 3503; baseline 0.003 -24"><span class='ocrx_word' id='word_1_250' title='bbox 140 3425 268 3482; x_wconf 88' lang='lat' dir='ltr'><strong>cuturae</strong></span> <span class='ocrx_word' id='word_1_251' title='bbox 298 3421 379 3498; x_wconf 86' lang='lat' dir='ltr'><strong>sint,</strong></span> <span class='ocrx_word' id='word_1_252' title='bbox 403 3418 583 3503; x_wconf 72' lang='lat' dir='ltr'><strong>{possumus</strong></span> <span class='ocrx_word' id='word_1_253' title='bbox 615 3439 657 3482; x_wconf 87' lang='lat' dir='ltr'><strong>ex</strong></span> <span class='ocrx_word' id='word_1_254' title='bbox 685 3420 902 3484; x_wconf 87' lang='lat' dir='ltr'><strong>Israelitarum</strong></span> <span class='ocrx_word' id='word_1_255' title='bbox 931 3420 1080 3500; x_wconf 87' lang='lat' dir='ltr'><strong>exemplo</strong></span> 
     </span>
     <span class='ocr_line' id='line_1_36' title="bbox 140 3506 268 3575; baseline 0.016 -6"><span class='ocrx_word' id='word_1_256' title='bbox 140 3506 268 3575; x_wconf 89' lang='lat' dir='ltr'><strong>discere.</strong></span> 
     </span>
    </p>
   </div>
   <div class='ocr_carea' id='block_1_8' title="bbox 148 3648 352 3659">
    <p class='ocr_par' dir='ltr' id='par_1_10' title="bbox 148 3648 352 3659">
     <span class='ocr_line' id='line_1_37' title="bbox 148 3648 352 3659; baseline 0.005 -1"><span class='ocrx_word' id='word_1_257' title='bbox 148 3648 352 3659; x_wconf 64' lang='lat'><strong>-——</strong></span> 
     </span>
    </p>
   </div>
   <div class='ocr_carea' id='block_1_9' title="bbox 183 3716 1084 3844">
    <p class='ocr_par' dir='ltr' id='par_1_11' title="bbox 183 3716 1084 3844">
     <span class='ocr_line' id='line_1_38' title="bbox 183 3716 1084 3844; baseline 0.001 -70"><span class='ocrx_word' id='word_1_258' title='bbox 183 3717 280 3844; x_wconf 69' lang='lat' dir='ltr'><strong>Mltih</strong></span> <span class='ocrx_word' id='word_1_259' title='bbox 291 3716 394 3843; x_wconf 54' lang='lat' dir='ltr'><strong>Opbltus</strong></span> <span class='ocrx_word' id='word_1_260' title='bbox 421 3717 476 3772; x_wconf 88' lang='lat' dir='ltr'><strong>dei.</strong></span> <span class='ocrx_word' id='word_1_261' title='bbox 524 3718 554 3784; x_wconf 75' lang='lat'><strong>2)</strong></span> <span class='ocrx_word' id='word_1_262' title='bbox 589 3716 713 3771; x_wconf 86' lang='lat' dir='ltr'><strong>Dilectio</strong></span> <span class='ocrx_word' id='word_1_263' title='bbox 742 3717 876 3786; x_wconf 88' lang='lat' dir='ltr'><strong>proximi.</strong></span> <span class='ocrx_word' id='word_1_264' title='bbox 930 3717 1022 3786; x_wconf 86' lang='lat' dir='ltr'><strong>Ephe.</strong></span> <span class='ocrx_word' id='word_1_265' title='bbox 1054 3718 1084 3775; x_wconf 84' lang='lat'><strong>4.</strong></span> 
     </span>
     <span class='ocr_line' id='line_1_39' title="bbox 215 3805 351 3844; baseline 0.007 -1"><span class='ocrx_word' id='word_1_266' title='bbox 215 3805 232 3843; x_wconf 88' lang='lat' dir='ltr'><strong>a</strong></span> <span class='ocrx_word' id='word_1_267' title='bbox 282 3829 288 3843; x_wconf 91' lang='lat'><strong>.</strong></span> <span class='ocrx_word' id='word_1_268' title='bbox 345 3831 351 3844; x_wconf 93' lang='lat'><strong>.</strong></span> 
     </span>
    </p>
   </div>
   <div class='ocr_carea' id='block_1_10' title="bbox 0 0 1292 4225">
    <p class='ocr_par' dir='ltr' id='par_1_12' title="bbox 0 0 1292 4225">
     <span class='ocr_line' id='line_1_40' title="bbox 0 0 1292 4225; baseline 0 0"><span class='ocrx_word' id='word_1_269' title='bbox 0 0 1292 4225; x_wconf 95' lang='lat' dir='ltr'><strong> </strong></span> 
     </span>
    </p>
   </div>
  </div>
 </body>
</html>
