2575 4225
209 284 275 345 206
524 281 629 362 Caput
653 280 831 343 secundum

207 482 282 523 cum
304 480 377 538 rege
392 460 475 521 Iuda
490 453 726 537 coniungeret.l
765 458 888 538 ltaque,
913 460 996 525 siout
1011 480 1150 540 regnum

207 569 263 612 seu
298 548 427 630 politia,
462 548 508 611 ita
544 548 641 610 etiam
674 566 835 609 sacrorum
864 549 945 611 ratio
980 549 1015 610 in
1049 570 1150 629 regno

72 691 76 699 .
103 662 104 667 ’
206 638 305 700 lsrael
326 658 347 698 a
368 657 465 716 regno
488 637 571 710 Iuda
593 636 771 699 differebat,
818 636 880 697 Sed
902 638 1019 699 horum
1046 640 1147 702 consi·

205 728 322 789 liorum
345 728 418 805 quis
441 726 539 789 fuerit
561 730 704 801 eventus,
729 725 871 789 ostendit
892 726 1035 803 historia.
1074 727 1145 790 Ido-

206 816 299 877 latria
333 815 420 877 enim
454 815 627 895 praecipua
666 834 763 876 causa
800 814 876 891 fuit,
917 834 972 877 cur
1009 836 1147 895 regnum

205 905 417 966 israeliticum
451 910 657 979 everteretur,
697 908 730 965 ct
763 903 901 984 populus
936 904 1149 968 abduceretur

207 994 361 1073 captivus.
1070 1054 1074 1057 .

161 1145 168 1155 s
291 1082 346 1143 'Ad
368 1082 430 1144 hoc
453 1087 550 1163 caput
572 1081 671 1145 totius
694 1081 772 1142 mali
794 1081 952 1161 propheta
974 1082 1028 1146 hic
1048 1083 1145 1163 respi-

205 1171 258 1247 cit,
282 1177 315 1234 et
337 1172 518 1234 consolatur
540 1172 696 1246 futurum,
721 1175 757 1231 ut
774 1169 829 1231 illa
844 1169 997 1233 discessio
1011 1190 1030 1231 a
1045 1192 1146 1251 regno

204 1260 286 1321 Iuda
308 1280 366 1340 per
387 1260 552 1322 Christum
574 1259 707 1340 pulchre
731 1264 868 1321 sanetur.
915 1258 999 1320 Nam
1014 1260 1097 1321 Iuda
1111 1266 1151 1323 et

204 1349 303 1411 Israel
325 1349 505 1411 coniunctis
529 1348 647 1411 animis
672 1353 703 1411 et
726 1346 842 1410 studiis
864 1347 900 1409 in
923 1348 1060 1411 eandem
1091 1350 1144 1413 do·

204 1438 340 1499 cuinam
363 1438 520 1517 evangelii
543 1455 769 1513 consensuros,
800 1442 832 1499 et
855 1456 935 1513 non,
965 1438 1048 1500 sicut
1071 1444 1147 1519 post

203 1526 406 1589 Salomonem
429 1527 554 1603 accidit,
578 1525 746 1590 habituros
777 1525 903 1589 diversa
933 1526 1055 1607 capita,
1087 1527 1147 1589 sed

202 1636 306 1679 unum
325 1636 432 1695 regem
446 1615 611 1679 Christum
626 1615 831 1696 amplexuros
847 1621 879 1677 et
894 1615 1144 1683 exosculaturos.

201 1704 315 1784 Itaque
337 1705 472 1785 posthac
494 1705 578 1767 nihil
600 1705 663 1767 tale
686 1703 916 1779 metuendum,
942 1704 1029 1783 quod
1053 1706 1145 1784 prius

202 1794 327 1870 accidit,
352 1814 427 1856 cum
442 1795 522 1856 haec
537 1814 635 1873 regna
651 1792 878 1856 dividerentur.
917 1792 1010 1855 Idem
1025 1792 1145 1857 iisdem

201 1902 283 1964 pene
306 1883 411 1946 verbis
434 1882 513 1945 dicit
535 1882 646 1954 Esaias
670 1901 716 1943 oa.
744 1875 813 1943 11.²
855 1880 989 1945 Levabit
1012 1883 1145 1961 signum

200 1971 236 2031 in
264 1971 430 2049 gentibus,
463 1970 732 2051 congregabitque
762 1970 878 2033 eiectos
908 1970 1006 2031 lsrael
1034 1977 1068 2033 et
1097 1970 1142 2033 di·

108 2073 110 2080 ·
201 2079 327 2140 spersos
349 2059 432 2123 Iuda
454 2060 668 2141 congregabit,
695 2058 851 2142 Ephraim
866 2080 932 2122 non
948 2059 1146 2124 emulabitur

199 2148 326 2224 Iudam,
350 2170 409 2212 nec
431 2150 514 2212 Iuda
536 2155 632 2230 anget
655 2149 811 2230 Ephraim
835 2155 893 2210 etc.

200 2321 365 2433 Inprimis
387 2332 496 2390 autem
526 2325 670 2404 notanda
697 2326 823 2406 phrasis
851 2331 913 2402 est,
934 2327 1032 2405 ,quod
1061 2327 1143 2391 dicit

248 2414 407 2496 posituros
431 2416 494 2479 sibi
516 2435 620 2478 unum
642 2421 749 2495 caput.
793 2407 883 2477 3Hoc
899 2415 985 2476 enim
1001 2436 1067 2494 non
1084 2417 1140 2479 du·
1182 2471 1192 2480 ,
1284 2423 1285 2430 ’

198 2505 291 2566 bium
314 2511 370 2580 est,
396 2505 477 2584 quin
499 2505 559 2566 filii
581 2503 718 2566 Iudaei
740 2504 851 2578 Israel,
880 2503 920 2565 de
943 2504 1062 2584 quibus
1085 2506 1142 2568 hic

199 2594 292 2669 dicit,
324 2593 390 2656 sint
411 2613 491 2667 vera
508 2593 657 2668 ecclesia,
688 2612 744 2654 seu
773 2591 912 2672 populus
941 2593 1017 2656 nori
1045 2600 1139 2656 testa-

198 2682 309 2758 menti,
334 2683 390 2762 qui
413 2702 454 2762 ex
475 2682 619 2761 reliquiis
634 2681 761 2744 Israelis
784 2685 816 2742 et
827 2681 935 2757 Iudae,
961 2681 1078 2744 deinde
1099 2703 1142 2744 ex

199 2771 359 2850 gentibus.
371 2776 505 2833 constat.
552 2770 638 2833 Dicit
661 2777 769 2832 autem
791 2770 877 2832 hanc
892 2771 1059 2834 ecelesiam
1075 2771 1141 2834 sibi

197 2861 375 2940 posituram
409 2879 512 2922 unum
546 2866 643 2940 caput
678 2859 856 2934 Christum,
896 2859 994 2922 sicut·
1012 2860 1144 2924 Michas

196 2951 285 3012 hunc
307 2951 433 3012 Hoseae
461 2950 580 3012 locum·
599 2947 733 3029 exponit
761 2968 830 3028 cap.
846 2941 906 3008 -2.4
940 2968 1015 3010 cum
1043 2948 1137 3012 dicit:

197 3038 267 3099 Rex
289 3058 399 3100 eorum
422 3038 559 3101 anteibit
581 3057 644 3112 eos,
670 3043 702 3099 et
724 3036 875 3099 dominus
899 3037 959 3098 erit
975 3042 1073 3116 caput
1089 3057 1141 3100 co·

197 3145 280 3186 rum.
332 3127 383 3188 Sic
417 3127 505 3188 enim
539 3127 656 3189 rectius
690 3126 857 3200 vertimus,
898 3124 984 3204 quod
1018 3131 1068 3187 est
1102 3126 1140 3188 in

197 3213 337 3289 Ebrae0,
367 3234 408 3276 va
429 3215 548 3278 iehova
570 3215 768 3278 berosohom.
797 3213 898 3278 -Satis
923 3213 1010 3276 enim
1032 3214 1140 3278 multa

102 3348 104 3353 .
198 3302 346 3383 exempla
368 3308 453 3378 sunt,
478 3303 565 3382 quod
580 3305 765 3385 prophetae,
791 3303 847 3381 qui
863 3302 976 3364 eodem
991 3307 1139 3384 tempore

36 3512 113 3579 (⁸533
286 3513 313 3581 1)
340 3505 472 3579 Regnum
498 3513 589 3566 lsrael
616 3510 759 3580 quomodo
789 3511 916 3566 divisum
943 3511 982 3566 sit
1009 3527 1026 3564 a
1053 3512 1121 3567 Iuda

196 3583 301 3651 2)an
315 3585 357 3637 11.
385 3584 414 3654 3)
429 3583 561 3638 Christus
574 3583 831 3651 caputecclesiae.·
858 3581 887 3651 4)
898 3584 990 3637 Locus
999 3582 1128 3638 Michai

286 3759 311 3826 ⁸)
329 3760 417 3814 Deest
434 3761 466 3814 in
485 3762 546 3816 coll.
565 3762 679 3816 Ienens.

1280 792 1285 923 t

1275 924 1285 1063 j

1280 1064 1285 1149 1

1272 1279 1285 1621 l
