2575 4225
441 282 566 346 Hoseae
589 282 773 365 prophetes.
1013 284 1082 348 303

15 500 17 528 t
137 469 168 525 et
196 457 328 541 angelos
355 460 565 524 ascendentes
591 466 624 524 et
655 458 884 525 descendentes
911 459 947 523 in
982 458 1080 527 scala.

137 552 186 613 Sic
210 552 300 614 enim
330 549 425 613 dicit:
467 549 672 614 Reverendus
703 556 752 625 est
779 550 869 613 locus
899 549 974 626 iste,
1010 571 1079 615 non

15 656 22 716 ᾗ·
136 642 223 703 enim
246 639 301 703 hic
324 645 374 702 est
395 638 484 702 aliud
507 659 607 719 quam
619 638 747 704 domus
762 638 815 703 dei
830 644 864 703 et
878 640 958 703 coeli
973 646 1079 721 porta.

224 729 307 791 (lum
340 734 452 793 autem
485 727 651 792 Ierobeam
685 728 732 793 ibi
766 747 900 791 aureum
938 729 1077 793 vitulum

136 814 316 894 excitasset,
341 818 514 881 noluerunt
528 818 705 900 prophetae
721 836 796 879 eum
811 818 917 883 locum
936 818 1080 899 amplius

15 933 16 968 1
135 908 215 971 Bet-h
239 907 280 969 El
302 906 351 986 (id
373 911 431 981 est,
456 907 591 969 domum
614 904 681 983 dei)
705 906 874 988 appellare,
900 906 956 969 sed
979 907 1081 970 vicini

15 1011 16 1046 l
135 995 247 1078 oppidi
276 995 408 1059 nomine
438 996 643 1077 appellarunt
668 996 751 1057 Beth
785 990 913 1071 Auen,¹
948 996 982 1057 id
1017 1004 1077 1072 est,

15 1081 16 1170 3
135 1086 270 1148 domum
292 1084 429 1165 peccati,
459 1091 628 1166 peccatum
651 1085 739 1147 enim
762 1090 823 1160 est,
853 1083 1012 1164 quidquid
1039 1086 1080 1148 fit

15 1231 16 1236 ,
136 1176 203 1237 sine
233 1172 314 1249 fide,
342 1175 404 1236 hoc
434 1180 496 1249 est,
527 1172 687 1254 quidquid
717 1171 786 1237 sine
813 1172 910 1237 verbo
939 1173 992 1235 dei
1020 1181 1079 1237 aut

136 1270 247 1327 contra
275 1263 411 1326 verbum
440 1262 493 1325 dei
523 1283 582 1343 pro
616 1262 705 1325 cultu
738 1258 947 1325 instituitur.*
991 1261 1076 1325 Nam

15 1390 16 1429 5
135 1354 239 1415 solum
268 1351 403 1415 verbum
431 1358 496 1427 est,
525 1370 591 1431 quo
617 1350 859 1415 sanctificantur
887 1351 1011 1427 omnia,
1043 1358 1079 1414 et

15 1441 16 1518 j
135 1461 198 1521 quo
226 1439 307 1503 fides
334 1440 450 1504 nititur
477 1460 515 1503 ac
542 1440 767 1516 confirmaun,
797 1440 877 1503 haec
905 1460 979 1503 mea
1007 1460 1076 1503 sen-

134 1530 236 1593 tentia
257 1530 345 1592 infra
365 1530 401 1592 in
424 1549 470 1592 oa.
490 1531 540 1592 10.
565 1529 623 1592 ubi
645 1530 686 1595 de
709 1528 811 1593 vitulo
833 1529 869 1591 in
883 1530 965 1593 Beth
980 1531 1077 1593 Auen

133 1620 287 1699 loquitur,
316 1638 391 1681 cum
421 1619 457 1681 in
483 1618 548 1681 fine
575 1618 690 1699 capitis
718 1618 800 1682 clane
828 1618 978 1682 ostendat
1005 1640 1075 1700 prc-

78 1781 82 1785 ,
133 1709 241 1789 pheta,
266 1727 300 1771 se
323 1707 363 1769 de
385 1707 468 1770 Beth
491 1708 531 1769 Ill
553 1707 698 1770 locutum
721 1726 804 1783 esse,
827 1707 887 1770 ubi
909 1706 1077 1771 Ierobeam

133 1799 272 1861 vitulum
294 1815 429 1859 aureum
451 1796 553 1859 voluit
574 1796 645 1859 coli.
693 1794 744 1857 Sic
760 1795 858 1858 Satan
880 1815 921 1859 ex
937 1796 1019 1859 Beth
1035 1796 1075 1859 El

115 1886 229 1949 domo
252 1884 306 1948 dei
335 1885 412 1949 facit
433 1885 516 1949 Beth
537 1887 642 1961 Auen,
667 1884 802 1947 domum
824 1886 963 1965 peccati,
999 1905 1077 1949 cum,

132 1996 233 2039 novos
256 1976 362 2038 cultus
384 1980 496 2038 contra
516 1974 651 2037 verbum
675 1972 728 2035 dei
750 1974 791 2036 ab
814 1972 926 2055 impiis
947 1974 1077 2038 institui

133 2072 273 2216 cumld
296 2153 384 2217 hunc
406 2151 541 2217 modum
563 2151 659 2235 impii
681 2172 780 2234 reges,
803 2153 874 2216 loca
895 2153 931 2216 in
955 2152 1077 2234 quibus

15 2282 16 2323 3
133 2239 333 2325 patriarchae
362 2242 595 2319 sacrificarent,
630 2242 864 2308 transtulerunt
893 2242 935 2305 ad
969 2243 1078 2306 cultus

15 2336 17 2407 l
131 2332 326 2395 idolatricos.
376 2329 440 2394 Sed
473 2331 728 2413 patriarchamm
757 2332 880 2394 factum
910 2351 976 2394 non
1006 2337 1075 2394 erat

132 2421 325 2503 rapiendum
358 2421 394 2482 in
428 2419 627 2502 exemplum,
668 2419 830 2499 siquidem
863 2414 1077 2483 manifestum,

15 2519 16 2528 ²
131 2510 332 2573 mandatum*
358 2509 490 2572 extabat
523 2509 563 2571 de
597 2508 667 2571 loco
702 2508 861 2572 destinato
900 2502 1072 2571 cultibus.¹

15 2619 16 2684 j
131 2599 293 2681 Exempla
315 2604 424 2661 autem
446 2599 526 2661 dum
549 2597 682 2660 demum
705 2597 869 2678 sequenda
889 2603 974 2673 eunt,
999 2616 1077 2661 cum.

15 2689 18 2780 ζ
130 2689 254 2750 habent
282 2684 430 2751 additum
461 2687 662 2750 mandatum.
708 2686 875 2748 Abraham
903 2685 1077 2750 iubebatur

15 2787 31 2856 3
131 2776 245 2841 divina
266 2796 343 2839 voce
366 2782 506 2839 mactare
529 2776 643 2839 filium.
690 2775 762 2839 Hoc
785 2775 976 2840 mandatum
1007 2796 1078 2840 non.

131 2865 276 2930 habebat
296 2865 411 2931 Abas.¹
440 2865 542 2946 Igitur
564 2864 653 2927 idem
676 2885 757 2945 opus
780 2864 815 2926 in
834 2864 1000 2928 Abraham
1023 2885 1072 2927 ve-

15 2971 16 3037 3
131 2975 186 3018 rus
210 2954 264 3016 dei
285 2953 406 3030 cultus,
437 2960 471 3016 et
491 2954 650 3016 eximium
677 2952 879 3016 obedientiae
910 2951 1076 3033 specimen,

15 3077 16 3084 κ
132 3041 206 3120 fnit,
229 3043 369 3111 inAhas
393 3049 502 3106 autem
517 3043 581 3106 fuit
596 3041 835 3108 abhominabile
852 3040 1071 3122 pascicidium.

15 3130 16 3153 l
222 3131 274 3198 Ad
296 3132 385 3197 hunc
406 3131 542 3195 modum
564 3130 654 3197 dives
678 3129 862 3192 adolescens
885 3131 921 3192 in
940 3148 1072 3209 evange·

15 3254 16 3262 2
132 3219 177 3284 lio
210 3220 403 3284 mandatum
437 3221 536 3285 habet
568 3219 730 3283 vendendi
764 3219 874 3282 omnia
907 3225 940 3282 et
969 3218 1072 3282 distri·

133 3309 255 3373 buendi
277 3309 314 3372 in
342 3329 508 3392 pauperes.
556 3309 619 3373 Sed
647 3309 747 3392 impie
776 3307 854 3372 facit
883 3307 1074 3384 monachus,

221 3504 348 3645 ·1)dB'eth
366 3519 455 3585 Auen
492 3516 683 3588 tlExsunplo
702 3523 866 3574 sanctorum
884 3533 943 3573 non
959 3531 1077 3584 semper

187 3606 244 3645 ien
265 3607 290 3646 a.

991 3714 1076 3726 ...-

223 3768 249 3837 *)
267 3770 305 3824 In
321 3784 409 3837 marg.
428 3754 489 3825 coll.
509 3772 591 3830 len:
605 3771 687 3826 Rom.
709 3755 750 3824 14.
787 3803 788 3806 =
