2575 4225
219 294 283 356 1so
569 285 682 355 versio
705 255 806 353 aena

217 478 249 536 10
271 470 357 533 dabo
381 468 552 550 Ephraim:
577 467 664 529 Num
687 473 718 529 te
741 473 908 548 protegam
930 466 1045 529 Israel:
1072 467 1162 541 Quin
1267 479 1269 524 2

217 561 302 623 dabo
341 564 372 621 10
409 557 494 620 01001
529 556 672 632 Adama,
703 561 736 618 01
768 576 889 637 ponam
922 561 954 619 te
989 555 1073 619 sicut
1107 557 1161 619 Ze·
1197 578 1203 583 ’
1267 575 1269 608 r

217 648 316 712 boim.

307 735 369 798 Sed
392 753 587 798 conversum*
604 740 654 798 001
682 735 719 796 in
745 753 798 796 me
825 752 878 797 000
905 753 1031 810 meum,
1062 732 1163 796 simul
1235 765 1240 788 ι
1267 751 1269 784 ³

218 827 407 888 ferbuerunt
428 823 649 887 miserationes
665 843 765 886 meae.
810 816 900 886 lNon
915 822 1034 885 faciam
1050 842 1162 886 secun-
1267 881 1269 910 ,

220 915 300 977 dum
322 914 405 975 iram
427 912 544 975 furoris
566 913 646 989 mei,
675 933 742 974 non
765 917 931 975 convertar
958 917 996 974 ut
1025 910 1163 993 perdam

31 1032 38 1041 ³
153 1044 162 1050 -
218 1002 385 1084 Ephraim,
409 1000 564 1082 quoniam
579 1001 659 1064 deus
676 1021 743 1080 ego,
769 1007 801 1063 et
816 1021 882 1064 non
896 1001 1005 1076 homo,
1030 1007 1162 1064 sanctus
1267 1007 1269 1052 ἓ

209 1113 293 1155 -sum
325 1092 361 1153 in
394 1090 503 1153 medio
537 1090 595 1153 tui.
645 1090 719 1153 Non
752 1089 882 1153 veniam
915 1090 951 1151 in
985 1089 1162 1152 civitatem.

218 1182 295 1244 Post
308 1180 480 1245 dominum
495 1179 710 1242 ambulabunt
725 1179 782 1258 qui
798 1178 902 1258 rugiet
917 1177 1000 1242 sicut
1020 1178 1079 1242 leo.
1118 1178 1163 1241 Et

218 1267 293 1332 cum
316 1269 386 1350 ipse
408 1268 522 1349 rugiet,
546 1268 712 1348 pavebunt
735 1266 793 1330 filii
816 1269 857 1330 ab
881 1267 1056 1331 occidente.
1104 1268 1160 1330 Pa·

218 1353 341 1422 00100001
362 1358 420 1439 qui
441 1359 477 1421 in
492 1360 639 1438 Aegypto
663 1363 748 1433 sunt,
774 1356 857 1420 sicut
879 1375 963 1433 aves,
989 1363 1021 1420 01
1044 1357 1101 1436 qui
1121 1356 1162 1418 (10

219 1455 303 1511 10000
324 1448 427 1511 Assur
449 1452 539 1521 sunt,
570 1447 654 1509 sicut
676 1445 835 1509 columba.
882 1446 951 1525 Ego
974 1453 1084 1510 autem
1107 1447 1162 1508 ha-

218 1537 320 1639 bitare
358 1556 413 1599 eos
450 1535 568 1598 faciam
604 1534 640 1597 in
678 1534 828 1597 domibus
867 1535 944 1612 suis,
984 1535 1064 1598 dicit
1109 1534 1164 1598 do·

169 1673 174 1676 >
220 1645 338 1688 minus.

655 1872 729 1934 ΧΠ.

224 1992 237 2030 ²
282 1996 406 2059 rhraim
435 1997 557 2076 ubique
585 2002 696 2060 contra
722 2017 774 2058 me
810 1996 876 2076 agit
909 1995 1096 2072 mendacio,
1133 2002 1166 2058 01

305 2086 421 2150 domus
443 2087 543 2150 Israel
566 2086 657 2163 dolo,
687 2085 770 2149 Iuda
792 2091 901 2150 autem
925 2085 1032 2149 adhuc
1062 2084 1163 2149 domi-

221 2181 317 2236 natur
339 2195 414 2237 cum
437 2174 507 2252 (100,
531 2182 564 2239 01
580 2175 717 2239 11ᾶο11100
732 2175 848 2239 retinet
863 2179 1013 2252 sanctum
1028 2175 1162 2237 cultum.

221 2262 378 2343 Ephraim
405 2270 501 2326 vento
534 2264 690 2345 pascitur,
727 2271 759 2328 et
792 2264 995 2345 persequitur
1027 2269 1165 2339 ventum

222 2350 418 2429 orientalem,
436 2352 580 2433 quotidie
595 2353 789 2433 multiplicat
804 2352 1011 2415 mendacium
1027 2357 1059 2415 01
1070 2354 1164 2417 00011-

221 2446 336 2518 tatem,
360 2460 398 2503 00
420 2439 607 2522 percutiunt
628 2441 742 2505 foedus
766 2462 841 2505 cum
863 2442 1011 2523 Assyrio,
1044 2448 1077 2504 01
1099 2442 1164 2504 1)οΙ-

221 2549 349 2591 samum
371 2530 407 2592 in
429 2532 616 2611 Aegyptum
638 2535 778 2611 portant.
830 2524 901 2593 ³Lis
924 2530 1023 2611 igitur
1046 2535 1096 2593 est
1111 2530 1164 2593 do-

221 2618 311 2679 mino
345 2624 420 2681 cont
419 2638 456 2680 ra
406 2618 616 2696 tIudam,
655 2626 694 2683 01
727 2620 836 2685 visitet
864 2638 960 2702 super
989 2619 1086 2681 Iacob
1120 2638 1164 2682 00-

222 2705 365 2768 cundum
398 2708 468 2771 0100
503 2707 585 2783 eius,
621 2708 715 2789 eique
743 2708 858 2771 reddat
886 2708 1065 2771 secundum
1101 2714 1165 2771 stu-

222 2794 277 2856 dia
299 2794 378 2858 eius.

314 2877 462 2946 4Iacob
453 2905 489 2946 m
511 2890 601 2947 01000
623 2884 760 2967 arripuit
788 2886 935 2967 plantam
966 2884 1073 2948 fratris
1103 2886 1165 2961 sni,

221 2970 397 3037 etviribus
421 2973 487 3036 suis
510 2974 688 3055 praevaluit
675 2974 784 3038 1(1.00
832 2974 875 3038 Et
903 2974 1082 3056 praevaluit
1113 2994 1165 3045 an·

221 2992 1094 3217 0010000οθ0010ηῇοο110111100110110001000100
1117 3069 1165 3127 001

222 3168 307 3212 eum
352 3151 393 3213 ln
414 3152 496 3214 Beth
519 3151 590 3213 El
580 3152 706 3215 invenit
728 3172 820 3229 eum,
845 3158 877 3215 01
863 3152 980 3215 tibil
980 3158 1055 3217 ocut
1055 3173 1095 3215 us
1118 3158 1167 3216 est

222 3237 374 3303 dominus
390 3239 484 3302 deus
485 3240 696 3319 exercituum,
716 3240 867 3305 dominus
882 3241 1113 3305 memoriale*
1084 3262 1164 3306 erus

241 3501 244 3507 ·
312 3484 339 3552 1)
358 3483 515 3539 Promissio
537 3485 645 3552 gratiae
670 3502 723 3555 per
748 3486 940 3611 epangelitum,
966 3502 1023 3553 quo
1052 3488 1122 3541 colle

155 3579 157 3582 ·
223 3554 295 3609 deus
313 3556 430 3610 Israelis
448 3556 585 3624 reliquias
603 3556 776 3625 dispersos
768 3574 800 3611 1n
818 3561 885 3625 gent
887 3573 925 3611 es.
963 3557 991 3625 2)
1010 3555 1122 3612 Goniun

223 3621 326 3678 Iudam
344 3643 410 3682 clun
422 3628 528 3681 Israele
543 3632 573 3681 et
584 3630 712 3683 minatur
723 3629 838 3696 utrique
850 3644 961 3697 poenus
973 3633 1122 3695 peccatore

82 3716 154 3759 ι,
223 3693 252 3761 3)
271 3695 414 3750 Iudicium
431 3714 450 3751 a
467 3698 552 3752 domo
570 3700 681 3753 domim
702 3704 811 3783 incipit.
847 3699 875 3767 4)
890 3698 1009 3753 Confert
1026 3700 1122 3768 popul

223 3763 313 3821 Israel
336 3781 401 3821 cum
425 3768 590 3836 patriarcha
616 3770 713 3840 Iacob,
740 3772 821 3825 cuius
843 3771 961 3825 nomine
984 3770 1122 3837 gloriabal

786 3290 1269 4221 0
