2575 4225
458 257 558 320 Oeeae
580 259 765 339 prophetae.
1017 261 1079 324 115

142 431 197 496 aab
220 431 297 496 nbat
318 431 437 514 barrad
472 432 516 499 eu
548 434 615 500 nam
649 432 704 515 rlcb
738 434 868 518 capim
914 435 973 498 Per
1001 437 1081 500 haec

141 521 248 597 verba,
265 521 403 602 clangite
418 523 564 599 buccina,
585 524 774 588 adhortatur
788 543 842 588 eos
857 523 899 586 ad
914 525 1080 606 praelium,

142 609 272 671 hostem
294 610 361 672 iam
384 611 513 688 instare,
538 618 570 674 et
591 613 627 674 in
650 632 779 676 summa
801 611 912 676 adesse
933 614 999 676 iam
1014 634 1081 696 per·

141 697 260 760 niciam
283 705 386 762 terrae
408 705 441 763 et
462 701 638 778 interim,
664 708 697 765 et
717 702 837 782 legem,
866 721 977 784 opera,
1002 723 1081 766 cere·

140 787 268 849 moniae
283 787 493 870 abrogandas,
506 796 540 852 et
549 790 649 853 fidam
663 789 897 854 instituendam
912 791 1080 871 significat.

280 929 321 992 In
343 931 493 994 tribubus
515 932 614 994 Israel
636 931 805 995 ostendam
827 931 936 996 fidem.

139 1030 225 1143 Nos
249 1035 409 1115 significat
432 1037 529 1100 fidem
552 1038 588 1100 in
610 1037 724 1100 deum:
757 1037 814 1101 sed
845 1039 1079 1116 certitudinem,

207 1129 247 1186 nt
270 1125 313 1189 sit
334 1127 507 1189 sententia:
538 1125 592 1205 Sd)
621 1125 681 1193 atu
708 1124 773 1193 aaa
798 1125 913 1207 bettilett
938 1127 993 1192 but
1020 1126 1082 1194 mitt

138 1218 214 1277 mort
243 1227 307 1278 mor
335 1213 388 1296 lta
434 1215 610 1278 Ostendam
638 1215 719 1298 ipsis
747 1236 801 1280 ma
828 1235 974 1280 veracem
1002 1237 1079 1294 esse,

139 1307 172 1363 et
195 1303 371 1383 prophetas
394 1323 485 1366 meos
507 1304 587 1385 ipsis
602 1305 772 1368 veritatem
787 1305 1010 1382 emundasse,
1036 1312 1078 1370 at·

139 1409 204 1469 que
226 1391 411 1472 intelligant
431 1412 490 1474 per
512 1393 745 1474 experientiam
767 1413 878 1456 eorum
901 1394 1077 1458 veritatem.

138 1479 182 1542 Et
204 1480 252 1542 sic
273 1481 414 1548 absolvit
441 1487 547 1545 totum
569 1482 662 1545 illum
684 1483 842 1565 populum
871 1503 936 1546 uno
966 1484 1077 1546 verbo:

138 1567 302 1632 desolatus
325 1569 394 1633 erit.

340 1711 453 1776 ·Facti
475 1720 552 1775 sunt
574 1713 737 1795 principes
759 1712 849 1776 Iuda.

138 1811 208 1924 Ian
231 1816 297 1879 duo
319 1817 432 1899 populi
447 1819 624 1882 immortali
638 1818 714 1882 odio
729 1818 814 1882 inter
829 1838 862 1882 se
878 1817 1079 1882 dissidebant

190 1911 322 1986 propter
356 1926 505 1986 agrorum
538 1907 703 1971 terminos.
761 1908 846 1970 Nam
872 1906 954 1970 Iuda
983 1927 1076 1987 quae·

138 1992 270 2055 rebatur
309 2014 383 2058 suos
417 2017 509 2076 agros
548 1996 705 2078 possideri
739 1995 780 2057 ab
816 1996 948 2072 Israele,
980 1996 1079 2058 Israel

137 2088 250 2145 contra
272 2103 292 2145 a
314 2083 404 2147 Iuda.
450 2083 539 2149 Dicit
553 2105 627 2166 ergo
642 2083 813 2167 propheta:
838 2084 889 2147 En
904 2083 995 2160 Iuda,
1020 2086 1078 2165 qui

6 2229 14 2255 ἵ,
136 2190 265 2253 semper
287 2172 438 2240 Israelem
461 2176 633 2255 subiugare
656 2172 795 2250 voluisti,
819 2174 923 2237 factus
949 2193 984 2237 es
1010 2174 1077 2239 voti

136 2278 282 2342 compos.
327 2262 411 2325 Nam
433 2263 533 2326 Israel
566 2264 607 2325 ad
630 2262 779 2343 Assyrios
809 2262 955 2344 captivus
990 2262 1074 2325 duci·

10 2363 14 2372 ·
135 2354 198 2424 tur,
223 2349 425 2429 gloriaberis,
457 2351 574 2414 eteris
595 2352 632 2413 in
655 2351 838 2427 securitate,
874 2370 933 2431 ego
967 2357 1076 2413 autem

6 2449 7 2454 ’
133 2437 350 2501 interveniam
365 2446 398 2501 et
412 2439 578 2503 effundam
593 2459 690 2520 super
711 2446 743 2502 te
758 2438 840 2501 iram
855 2458 961 2501 meam
984 2440 1078 2518 quasi

135 2545 268 2605 aquam.
307 2571 312 2578 -

284 2650 446 2723 Quoniam
468 2620 575 2732 coepit
596 2653 685 2716 abire
706 2658 781 2734 post
802 2650 919 2715 sordes.

136 2753 219 2863 Anu
241 2756 371 2836 legunt,
402 2762 476 2839 post
497 2764 677 2840 praecepta.
723 2758 943 2839 Hieronymus
966 2764 1076 2821 tamen

145 2884 150 2891 ·
204 2844 315 2909 sordes
337 2846 424 2925 legit,
449 2865 523 2908 cum
546 2866 610 2926 quo
633 2867 693 2927 ego
716 2847 864 2909 manebo.
911 2846 1078 2927 Significat

136 2952 211 3013 ergo
241 2934 331 3013 quod
360 2934 499 3016 populus
528 2935 722 2999 Israelitious
753 2935 893 3017 patietur
922 2951 1076 3013 magnam

134 3021 291 3085 iniuriam
314 3022 402 3103 apud
428 3023 592 3103 Assyrios,
628 3030 661 3087 et
694 3044 760 3086 non
793 3023 893 3091 habet
926 3022 1075 3083 effectum

135 3110 251 3173 iudicii
272 3130 378 3190 neque
400 3110 551 3188 iustitiae,
576 3112 654 3191 quia
675 3112 781 3192 coepit
802 3109 848 3173 ire
863 3116 938 3193 post
956 3109 1074 3185 sordes,

134 3198 253 3275 idest,
283 3198 326 3261 ad
348 3199 623 3263 abominationem
653 3205 686 3263 et
715 3198 973 3263 incredulitatem
1001 3217 1074 3279 gen-

8 3301 17 3332 ¹
135 3286 220 3350 tium
251 3286 401 3365 descivit,
429 3286 527 3350 deum
556 3308 653 3351 suum
687 3294 720 3351 et
749 3288 818 3351 eius
845 3292 1016 3369 praecepta
1043 3292 1076 3348 et

158 3395 240 3455 egem
263 3374 402 3456 reliquit,
425 3376 525 3439 habet
539 3395 613 3456 ergo
627 3377 695 3440 iam
709 3375 793 3439 nihil
811 3382 936 3457 praeter
956 3372 1073 3437 sordes.

162 3515 272 3580 tabiit
283 3516 441 3597 Ephraim
453 3516 494 3579 ad
505 3519 617 3594 Assur,
636 3523 670 3581 et
680 3517 770 3581 misit
785 3516 827 3580 ad
837 3534 945 3597 regem
957 3514 1072 3579 Gareb.

170 3635 346 3700 lrvnassmvn
361 3630 410 3687 est
423 3622 486 3699 hic,
510 3642 588 3685 nam
602 3623 693 3685 nulla
708 3628 797 3686 extat
812 3622 969 3704 scriptura
990 3640 1075 3701 quae

202 3715 348 3775 testetur.
394 3711 560 3776 Sententia
593 3717 657 3775 est:
693 3710 783 3775 Misit
815 3711 954 3793 populus
975 3708 1074 3772 Israel

876 3812 913 3865 81
1035 3838 1039 3846 .
