2575 4225
208 260 279 326 360
529 260 635 342 Caput
658 259 834 342 septimum

186 445 287 505 sunt
316 438 360 502 ad
393 436 641 522 poenitentiam,
679 442 712 502 et
743 436 974 518 praedixerunt
1009 438 1156 502 futuram

209 529 393 595 vastitatem
416 546 474 608 per
489 527 668 607 Assyrium,
693 526 756 591 nisi
778 531 1013 603 convertantur,
1038 532 1071 591 et
1089 528 1157 592 ido-

208 616 339 680 latriam
360 614 535 679 abiiciunt.¹

298 703 423 769 Deinde
454 704 553 769 etiam
586 703 789 769 anfirmavit
822 700 968 781 brachia,
1003 703 1067 768 hoo
1096 710 1155 782 est,

95 803 97 806 ’
149 806 163 823 ’
210 812 290 876 paee
317 799 350 857 et
377 792 519 859 victoriis
543 793 672 859 ornavit
703 793 783 856 daus
812 792 1047 874 rempublicam
1071 792 1160 857 siout

1269 529 1276 705 l

211 881 311 965 paulo
326 887 400 945 ante
415 882 457 947 de
471 882 638 946 Ierobeam
654 882 986 946 commemoravimus.
1025 881 1090 944 Sed
1103 881 1157 945 hs
1269 928 1276 979 ἐξ

210 971 306 1035 donis
329 970 490 1051 quomodo
516 971 570 1035 usi
591 972 693 1034 sunt?
738 970 857 1033 Contra
877 990 940 1047 me,
963 969 1083 1052 inquit,
1107 990 1156 1035 eo-

213 1061 318 1141 gitant
337 1061 471 1137 malum,
495 1060 557 1124 hoe
579 1066 636 1137 est,
653 1060 840 1124 abutuntur
854 1078 933 1141 paee
959 1065 992 1121 et
1013 1054 1156 1125 victoriis

211 1150 253 1212 ad
276 1149 527 1232 opprimendum
550 1149 702 1225 verbum,
732 1155 765 1211 et
791 1168 882 1212 veros
905 1149 1027 1225 cultus,
1059 1149 1157 1212 etad

212 1238 439 1302 stabiliendam
468 1238 661 1302 idolatriam.
708 1236 874 1317 Significat
902 1238 992 1299 enim
1020 1239 1158 1301 verbum

213 1328 387 1403 ‚Haeehab‘
411 1347 478 1391 non
506 1327 695 1408 simpliciter
718 1327 871 1405 cogitare,
907 1324 964 1389 sed
986 1326 1165 1406 diligenter.

213 1421 246 1478 et
269 1415 351 1478 serio
374 1416 524 1494 cogitare.

257 1589 584 1704 Convertuntur,
615 1591 684 1655 sed
710 1612 788 1655 non
815 1591 862 1656 ad
893 1591 1161 1671 altissimum,

314 1682 481 1745 et'sunt
510 1682 616 1744 siout
649 1700 767 1744 arcus
796 1681 975 1757 dolosus,
1012 1681 1163 1745 eadent
1274 1718 1276 1759 7

215 1806 218 1811 -
258 1790 328 1854 per
369 1770 552 1852 gladium
585 1770 794 1852 principes
829 1789 961 1834 eorum
995 1776 1163 1852 propter

258 1861 434 1926 furorem
454 1859 623 1939 linguae
645 1878 749 1922 suae.
795 1859 843 1921 ln
862 1866 970 1923 terra
985 1860 1161 1941 Aegypti
1275 1920 1276 1927 ,

219 1948 222 1951 ’
258 1950 442 2013 ludibrio
465 1954 591 2013 erunt.

214 2125 322 2236 Haeo
346 2133 395 2190 est
418 2125 589 2189 conclusio.
618 2125 734 2229 :Etiam
765 2143 840 2228 oum
868 2125 977 2206 affligo
1006 2143 1061 2190 eos
1090 2147 1163 2209 pro·
1274 2080 1276 2154 [

287 2220 358 2294 pter
385 2220 568 2296 peecatum,
592 2214 676 2276 mlnl
698 2215 838 2295 proficio.
884 2215 1067 2278 Nemeum
1091 2235 1163 2279 sen—

14 2289 46 2349 Ξ
104 2355 106 2357 ,
214 2302 302 2366 tiunt
315 2303 437 2385 plagas,
460 2322 528 2365 non
543 2302 586 2364 ad
603 2321 657 2365 me
673 2308 910 2380 convertuntur,
935 2303 1165 2370 sedinvoeant

214 2391 302 2455 idola
324 2412 391 2469 sua,
416 2396 632 2472 et'quaerunt
653 2391 815 2473 praesidia
835 2393 1016 2456 hominum.

214 2518 217 2522 -
304 2482 385 2555 Quis
413 2481 512 2561 igitur
539 2481 600 2544 erit
625 2480 701 2544 finis
732 2481 886 2544 tandem?
940 2482 1048 2545 Erunt
1077 2483 1166 2546 sieut
1274 2505 1276 2548 l

217 2588 309 2632 arcus
332 2565 490 2633 dolosus.¹
509 2571 627 2632 'Aram
650 2570 826 2634 instructus
848 2577 898 2634 est
919 2570 962 2633 ad
976 2570 1164 2634 feriendum

216 2659 354 2732 hostem,
373 2657 461 2737 quod
476 2657 505 2719 ei
520 2662 689 2737 rumpatur
704 2677 830 2734 nervus,
844 2664 901 2722 aut
915 2658 1038 2740 aliquid
1055 2660 1166 2731 simile
1274 2681 1276 2742 ς

15 2751 37 2774 ““
101 2823 110 2828 -
216 2742 349 2820 aecidat,
386 2745 516 2825 ineptus
539 2750 596 2807 eet.
642 2746 694 2808 Ita
715 2746 858 2811 minatur
879 2747 943 2824 hio,
971 2747 1032 2810 etsi
1055 2768 1166 2830 neque
1274 2747 1276 2792 l

217 2832 352 2895 consilia
373 2833 439 2896 neo‘
455 2832 506 2896 r'ee
522 2833 690 2898 defuturae
714 2835 780 2900 sint
801 2856 899 2916 regno
917 2836 1025 2912 Israel,
1050 2844 1167 2901 tamen.
1274 2865 1276 2910 ᾗ

217 2921 362 2986 infelices
384 2923 453 2985 fore
475 2943 588 2996 omnes
611 2928 745 2987 conatus
767 2931 898 3006 propter
924 2931 1057 3007 peecata
1080 2926 1164 2989 eius.
1274 2919 1276 2958 ÷

182 3020 185 3022 ’
217 3011 308 3074 Siout
329 3012 463 3094 exponit
485 3031 528 3088 se,
554 3012 671 3075 eadent
693 3013 855 3094 principes
878 3018 937 3076 ete.

215 3193 309 3270 parat
330 3188 412 3252 filios
435 3209 564 3266 eorum,
586 3189 644 3270 qui
666 3189 822 3254 divinitus
845 3196 1008 3270 reguntur,
1034 3191 1165 3272 sagittis

14 3068 88 3157 Ηί
215 3134 217 3137 -
306 3100 472 3163 Contraria
487 3101 648 3164 sententia
670 3107 719 3164 est
740 3102 776 3164 in
791 3103 872 3164 Peal.
893 3096 974 3164 127²
1001 3102 1061 3165 ubi
1076 3098 1166 3166 eom'-
1274 3105 1275 3108 ’

215 3277 252 3339 in
273 3297 375 3339 manu
396 3278 554 3358 potentie,
578 3277 740 3358 signifieat
752 3280 850 3341 venirn
872 3279 981 3343 felices
1004 3281 1165 3360 guberna·
1274 3313 1275 3356 1

213 3369 309 3430 tores.
356 3365 419 3428 Sed
441 3366 496 3429 hio
516 3366 653 3458 sagittae
676 3367 809 3448 quidem
827 3368 988 3431 inmane
1002 3375 1100 3464 sum,
1129 3390 1146 3430 o

211 3595 217 3600 .
307 3557 334 3625 1)
353 3558 445 3612 meus
463 3558 589 3612 dolosus.
625 3558 653 3626 2)
672 3560 748 3613 Psal.
767 3557 855 3614 1272.

197 3760 201 3766 ι
305 3732 332 3801 ·)
350 3733 387 3787 In
403 3751 491 3802 marg.
511 3735 573 3790 0011.
592 3735 703 3792 Venti
719 3737 793 3792 esar.
814 3736 874 3792 137.
