<?xml version="1.0" encoding="UTF-8"?>
<!DOCTYPE html PUBLIC "-//W3C//DTD XHTML 1.0 Transitional//EN"
    "http://www.w3.org/TR/xhtml1/DTD/xhtml1-transitional.dtd">
<html xmlns="http://www.w3.org/1999/xhtml" xml:lang="en" lang="en">
 <head>
  <title>
</title>
<meta http-equiv="Content-Type" content="text/html;charset=utf-8" />
  <meta name='ocr-system' content='tesseract 3.04.00' />
  <meta name='ocr-capabilities' content='ocr_page ocr_carea ocr_par ocr_line ocrx_word'/>
</head>
<body>
  <div class='ocr_page' id='page_1' title='image "./exegeticaoperal13luthgoog_0194.png"; bbox 0 0 2575 4225; ppageno 0'>
   <div class='ocr_carea' id='block_1_1' title="bbox 441 231 1075 314">
    <p class='ocr_par' dir='ltr' id='par_1_1' title="bbox 441 231 1075 314">
     <span class='ocr_line' id='line_1_1' title="bbox 441 231 1075 314; baseline 0 -21"><span class='ocrx_word' id='word_1_1' title='bbox 441 231 567 294; x_wconf 83' lang='lat' dir='ltr'><strong>Hoaeae</strong></span> <span class='ocrx_word' id='word_1_2' title='bbox 590 232 775 314; x_wconf 87' lang='lat' dir='ltr'><strong>prophetae.</strong></span> <span class='ocrx_word' id='word_1_3' title='bbox 1013 232 1075 295; x_wconf 88' lang='grc'><strong>183</strong></span> 
     </span>
    </p>
   </div>
   <div class='ocr_carea' id='block_1_2' title="bbox 134 407 1077 752">
    <p class='ocr_par' dir='ltr' id='par_1_2' title="bbox 135 407 1076 579">
     <span class='ocr_line' id='line_1_2' title="bbox 135 407 1076 487; baseline 0 -16"><span class='ocrx_word' id='word_1_4' title='bbox 135 408 267 485; x_wconf 83' lang='lat' dir='ltr'><strong>oblitus,</strong></span> <span class='ocrx_word' id='word_1_5' title='bbox 291 428 325 472; x_wconf 87' lang='lat' dir='ltr'><strong>se</strong></span> <span class='ocrx_word' id='word_1_6' title='bbox 349 427 425 471; x_wconf 91' lang='lat' dir='ltr'><strong>oum</strong></span> <span class='ocrx_word' id='word_1_7' title='bbox 447 408 560 471; x_wconf 85' lang='lat' dir='ltr'><strong>alienia</strong></span> <span class='ocrx_word' id='word_1_8' title='bbox 582 407 646 472; x_wconf 90' lang='lat' dir='ltr'><strong>diis</strong></span> <span class='ocrx_word' id='word_1_9' title='bbox 664 408 841 487; x_wconf 82' lang='lat' dir='ltr'><strong>coniunxit,</strong></span> <span class='ocrx_word' id='word_1_10' title='bbox 866 428 908 473; x_wconf 88' lang='lat' dir='ltr'><strong>an</strong></span> <span class='ocrx_word' id='word_1_11' title='bbox 924 428 989 472; x_wconf 90' lang='lat' dir='ltr'><strong>non</strong></span> <span class='ocrx_word' id='word_1_12' title='bbox 1005 429 1076 472; x_wconf 88' lang='lat' dir='ltr'><strong>vere</strong></span> 
     </span>
     <span class='ocr_line' id='line_1_3' title="bbox 135 497 1076 579; baseline 0.001 -19"><span class='ocrx_word' id='word_1_13' title='bbox 135 505 169 561; x_wconf 90' lang='lat' dir='ltr'><strong>et</strong></span> <span class='ocrx_word' id='word_1_14' title='bbox 190 497 320 579; x_wconf 89' lang='lat' dir='ltr'><strong>proprie</strong></span> <span class='ocrx_word' id='word_1_15' title='bbox 334 497 415 561; x_wconf 86' lang='lat' dir='ltr'><strong>haee</strong></span> <span class='ocrx_word' id='word_1_16' title='bbox 430 497 598 561; x_wconf 85' lang='lat' dir='ltr'><strong>fornicatio</strong></span> <span class='ocrx_word' id='word_1_17' title='bbox 613 502 646 561; x_wconf 89' lang='lat' dir='ltr'><strong>et</strong></span> <span class='ocrx_word' id='word_1_18' title='bbox 661 497 855 562; x_wconf 72' lang='lat' dir='ltr'>adulterium</span> <span class='ocrx_word' id='word_1_19' title='bbox 870 497 934 561; x_wconf 86' lang='lat' dir='ltr'><strong>diei</strong></span> <span class='ocrx_word' id='word_1_20' title='bbox 949 500 1076 579; x_wconf 79' lang='lat' dir='ltr'><strong>potest?</strong></span> 
     </span>
    </p>

    <p class='ocr_par' dir='ltr' id='par_1_3' title="bbox 134 586 1077 752">
     <span class='ocr_line' id='line_1_4' title="bbox 226 586 1077 668; baseline 0.002 -19"><span class='ocrx_word' id='word_1_21' title='bbox 226 586 290 649; x_wconf 85' lang='lat' dir='ltr'><strong>Sed</strong></span> <span class='ocrx_word' id='word_1_22' title='bbox 312 592 385 649; x_wconf 86' lang='lat' dir='ltr'><strong>tum</strong></span> <span class='ocrx_word' id='word_1_23' title='bbox 406 587 539 650; x_wconf 90' lang='lat' dir='ltr'><strong>demum</strong></span> <span class='ocrx_word' id='word_1_24' title='bbox 561 607 634 651; x_wconf 89' lang='lat' dir='ltr'><strong>vere</strong></span> <span class='ocrx_word' id='word_1_25' title='bbox 657 587 719 650; x_wconf 88' lang='lat' dir='ltr'><strong>hoe</strong></span> <span class='ocrx_word' id='word_1_26' title='bbox 741 592 881 668; x_wconf 86' lang='lat' dir='ltr'><strong>pactum.</strong></span> <span class='ocrx_word' id='word_1_27' title='bbox 893 587 1077 651; x_wconf 84' lang='lat' dir='ltr'><strong>absolutum</strong></span> 
     </span>
     <span class='ocr_line' id='line_1_5' title="bbox 134 675 1076 752; baseline 0.001 -15"><span class='ocrx_word' id='word_1_28' title='bbox 134 681 201 751; x_wconf 88' lang='lat' dir='ltr'><strong>est,</strong></span> <span class='ocrx_word' id='word_1_29' title='bbox 234 695 311 737; x_wconf 88' lang='lat' dir='ltr'><strong>cum</strong></span> <span class='ocrx_word' id='word_1_30' title='bbox 333 675 420 738; x_wconf 83' lang='lat' dir='ltr'><strong>filius</strong></span> <span class='ocrx_word' id='word_1_31' title='bbox 441 675 494 738; x_wconf 91' lang='lat' dir='ltr'><strong>dei</strong></span> <span class='ocrx_word' id='word_1_32' title='bbox 516 694 590 739; x_wconf 87' lang='lat' dir='ltr'><strong>earo</strong></span> <span class='ocrx_word' id='word_1_33' title='bbox 619 676 724 739; x_wconf 86' lang='lat' dir='ltr'><strong>faetus</strong></span> <span class='ocrx_word' id='word_1_34' title='bbox 753 682 817 752; x_wconf 88' lang='lat' dir='ltr'><strong>est,</strong></span> <span class='ocrx_word' id='word_1_35' title='bbox 849 676 896 739; x_wconf 93' lang='lat' dir='ltr'><strong>ibi</strong></span> <span class='ocrx_word' id='word_1_36' title='bbox 926 677 1015 739; x_wconf 89' lang='lat' dir='ltr'><strong>enim</strong></span> <span class='ocrx_word' id='word_1_37' title='bbox 1043 696 1076 739; x_wconf 86' lang='lat' dir='ltr'><strong>se</strong></span> 
     </span>
    </p>
   </div>
   <div class='ocr_carea' id='block_1_3' title="bbox 15 759 1076 846">
    <p class='ocr_par' dir='ltr' id='par_1_4' title="bbox 15 759 1076 846">
     <span class='ocr_line' id='line_1_6' title="bbox 15 759 1076 846; baseline 0.004 -21"><span class='ocrx_word' id='word_1_38' title='bbox 15 799 16 824; x_wconf 58' lang='lat' dir='ltr'><strong>r</strong></span> <span class='ocrx_word' id='word_1_39' title='bbox 135 770 295 843; x_wconf 81' lang='lat' dir='ltr'><strong>tanquam</strong></span> <span class='ocrx_word' id='word_1_40' title='bbox 317 759 472 845; x_wconf 86' lang='lat' dir='ltr'><strong>sponsus¹</strong></span> <span class='ocrx_word' id='word_1_41' title='bbox 500 784 576 827; x_wconf 86' lang='lat' dir='ltr'><strong>cum</strong></span> <span class='ocrx_word' id='word_1_42' title='bbox 598 785 718 846; x_wconf 87' lang='lat' dir='ltr'><strong>sponsa</strong></span> <span class='ocrx_word' id='word_1_43' title='bbox 740 765 922 841; x_wconf 83' lang='lat' dir='ltr'><strong>coniunxit,</strong></span> <span class='ocrx_word' id='word_1_44' title='bbox 954 771 987 828; x_wconf 89' lang='lat' dir='ltr'><strong>et</strong></span> <span class='ocrx_word' id='word_1_45' title='bbox 1017 785 1076 829; x_wconf 88' lang='lat' dir='ltr'><strong>nos</strong></span> 
     </span>
    </p>
   </div>
   <div class='ocr_carea' id='block_1_4' title="bbox 134 853 1077 1373">
    <p class='ocr_par' dir='ltr' id='par_1_5' title="bbox 134 853 1077 1373">
     <span class='ocr_line' id='line_1_7' title="bbox 134 853 1077 935; baseline 0.002 -20"><span class='ocrx_word' id='word_1_46' title='bbox 134 854 290 929; x_wconf 84' lang='lat' dir='ltr'><strong>iacentes,</strong></span> <span class='ocrx_word' id='word_1_47' title='bbox 315 853 401 916; x_wconf 88' lang='lat' dir='ltr'><strong>sieut</strong></span> <span class='ocrx_word' id='word_1_48' title='bbox 421 853 579 934; x_wconf 90' lang='lat' dir='ltr'><strong>propheta</strong></span> <span class='ocrx_word' id='word_1_49' title='bbox 601 854 693 930; x_wconf 89' lang='lat' dir='ltr'><strong>dioit,</strong></span> <span class='ocrx_word' id='word_1_50' title='bbox 717 855 752 917; x_wconf 91' lang='lat' dir='ltr'><strong>in</strong></span> <span class='ocrx_word' id='word_1_51' title='bbox 775 855 931 934; x_wconf 85' lang='lat' dir='ltr'><strong>sanguine</strong></span> <span class='ocrx_word' id='word_1_52' title='bbox 954 854 1077 935; x_wconf 81' lang='lat' dir='ltr'><strong>peceati</strong></span> 
     </span>
     <span class='ocr_line' id='line_1_8' title="bbox 135 941 1076 1024; baseline 0.002 -21"><span class='ocrx_word' id='word_1_53' title='bbox 135 941 302 1021; x_wconf 88' lang='lat' dir='ltr'><strong>originalis</strong></span> <span class='ocrx_word' id='word_1_54' title='bbox 331 941 448 1018; x_wconf 86' lang='lat' dir='ltr'><strong>abluit,</strong></span> <span class='ocrx_word' id='word_1_55' title='bbox 470 942 573 1005; x_wconf 76' lang='lat' dir='ltr'><strong>unda</strong></span> <span class='ocrx_word' id='word_1_56' title='bbox 600 962 659 1005; x_wconf 89' lang='lat' dir='ltr'><strong>seu</strong></span> <span class='ocrx_word' id='word_1_57' title='bbox 688 962 773 1023; x_wconf 87' lang='lat' dir='ltr'><strong>aqua</strong></span> <span class='ocrx_word' id='word_1_58' title='bbox 807 942 976 1024; x_wconf 80' lang='lat' dir='ltr'><strong>baptismi,</strong></span> <span class='ocrx_word' id='word_1_59' title='bbox 1012 962 1076 1023; x_wconf 91' lang='lat' dir='ltr'><strong>quo</strong></span> 
     </span>
     <span class='ocr_line' id='line_1_9' title="bbox 134 1031 1077 1111; baseline 0.001 -19"><span class='ocrx_word' id='word_1_60' title='bbox 134 1031 339 1111; x_wconf 78' lang='lat' dir='ltr'><strong>baptizamur</strong></span> <span class='ocrx_word' id='word_1_61' title='bbox 359 1031 395 1093; x_wconf 93' lang='lat' dir='ltr'><strong>in</strong></span> <span class='ocrx_word' id='word_1_62' title='bbox 417 1037 555 1094; x_wconf 91' lang='lat' dir='ltr'><strong>mortem</strong></span> <span class='ocrx_word' id='word_1_63' title='bbox 577 1031 636 1093; x_wconf 86' lang='lat' dir='ltr'><strong>filii</strong></span> <span class='ocrx_word' id='word_1_64' title='bbox 658 1031 721 1093; x_wconf 89' lang='lat' dir='ltr'><strong>dei.</strong></span> <span class='ocrx_word' id='word_1_65' title='bbox 766 1031 857 1094; x_wconf 85' lang='lat' dir='ltr'><strong>Haec</strong></span> <span class='ocrx_word' id='word_1_66' title='bbox 884 1032 973 1093; x_wconf 89' lang='lat' dir='ltr'><strong>enim</strong></span> <span class='ocrx_word' id='word_1_67' title='bbox 1003 1052 1077 1093; x_wconf 88' lang='lat' dir='ltr'><strong>vera</strong></span> 
     </span>
     <span class='ocr_line' id='line_1_10' title="bbox 135 1118 1077 1199; baseline 0.004 -20"><span class='ocrx_word' id='word_1_68' title='bbox 135 1139 155 1179; x_wconf 89' lang='lat' dir='ltr'><strong>a</strong></span> <span class='ocrx_word' id='word_1_69' title='bbox 176 1120 337 1199; x_wconf 87' lang='lat' dir='ltr'><strong>sanguine</strong></span> <span class='ocrx_word' id='word_1_70' title='bbox 358 1119 545 1182; x_wconf 88' lang='lat' dir='ltr'><strong>emundatio</strong></span> <span class='ocrx_word' id='word_1_71' title='bbox 568 1126 627 1183; x_wconf 86' lang='lat' dir='ltr'><strong>est.</strong></span> <span class='ocrx_word' id='word_1_72' title='bbox 665 1118 789 1183; x_wconf 85' lang='lat' dir='ltr'><strong>Deinde</strong></span> <span class='ocrx_word' id='word_1_73' title='bbox 803 1119 898 1199; x_wconf 88' lang='lat' dir='ltr'><strong>ungit</strong></span> <span class='ocrx_word' id='word_1_74' title='bbox 912 1119 991 1195; x_wconf 90' lang='lat' dir='ltr'><strong>oleo,</strong></span> <span class='ocrx_word' id='word_1_75' title='bbox 1015 1120 1077 1183; x_wconf 86' lang='lat' dir='ltr'><strong>hoe</strong></span> 
     </span>
     <span class='ocr_line' id='line_1_11' title="bbox 134 1207 1077 1290; baseline 0.002 -21"><span class='ocrx_word' id='word_1_76' title='bbox 134 1213 192 1283; x_wconf 89' lang='lat' dir='ltr'><strong>est,</strong></span> <span class='ocrx_word' id='word_1_77' title='bbox 218 1207 319 1270; x_wconf 86' lang='lat' dir='ltr'><strong>donat</strong></span> <span class='ocrx_word' id='word_1_78' title='bbox 330 1228 388 1290; x_wconf 87' lang='lat' dir='ltr'><strong>per</strong></span> <span class='ocrx_word' id='word_1_79' title='bbox 401 1208 602 1289; x_wconf 88' lang='lat' dir='ltr'><strong>baptismum</strong></span> <span class='ocrx_word' id='word_1_80' title='bbox 624 1208 775 1290; x_wconf 87' lang='lat' dir='ltr'><strong>spiritum</strong></span> <span class='ocrx_word' id='word_1_81' title='bbox 799 1214 956 1285; x_wconf 85' lang='lat' dir='ltr'><strong>sanetum,</strong></span> <span class='ocrx_word' id='word_1_82' title='bbox 981 1209 1077 1271; x_wconf 83' lang='lat' dir='ltr'><strong>vestit</strong></span> 
     </span>
     <span class='ocr_line' id='line_1_12' title="bbox 134 1296 1077 1373; baseline 0.002 -15"><span class='ocrx_word' id='word_1_83' title='bbox 134 1296 358 1373; x_wconf 76' lang='lat' dir='ltr'><strong>discoloribus,</strong></span> <span class='ocrx_word' id='word_1_84' title='bbox 382 1296 463 1359; x_wconf 90' lang='lat' dir='ltr'><strong>dum</strong></span> <span class='ocrx_word' id='word_1_85' title='bbox 477 1297 563 1361; x_wconf 87' lang='lat' dir='ltr'><strong>varie</strong></span> <span class='ocrx_word' id='word_1_86' title='bbox 578 1298 698 1360; x_wconf 83' lang='lat' dir='ltr'><strong>excitat</strong></span> <span class='ocrx_word' id='word_1_87' title='bbox 712 1298 848 1373; x_wconf 89' lang='lat' dir='ltr'><strong>animos,</strong></span> <span class='ocrx_word' id='word_1_88' title='bbox 872 1302 910 1360; x_wconf 86' lang='lat' dir='ltr'><strong>ut</strong></span> <span class='ocrx_word' id='word_1_89' title='bbox 924 1297 1077 1361; x_wconf 81' lang='lat' dir='ltr'><strong>obediant</strong></span> 
     </span>
    </p>
   </div>
   <div class='ocr_carea' id='block_1_5' title="bbox 13 1384 285 1465">
    <p class='ocr_par' dir='ltr' id='par_1_6' title="bbox 13 1384 285 1465">
     <span class='ocr_line' id='line_1_13' title="bbox 13 1384 285 1465; baseline 0.011 -21"><span class='ocrx_word' id='word_1_90' title='bbox 13 1387 14 1405; x_wconf 66' lang='lat'>¹</span> <span class='ocrx_word' id='word_1_91' title='bbox 135 1384 198 1465; x_wconf 90' lang='lat' dir='ltr'><strong>legi</strong></span> <span class='ocrx_word' id='word_1_92' title='bbox 221 1385 285 1447; x_wconf 91' lang='lat' dir='ltr'><strong>dei.</strong></span> 
     </span>
    </p>
   </div>
   <div class='ocr_carea' id='block_1_6' title="bbox 134 1474 1076 1818">
    <p class='ocr_par' dir='ltr' id='par_1_7' title="bbox 134 1474 1076 1818">
     <span class='ocr_line' id='line_1_14' title="bbox 224 1474 1075 1557; baseline 0.002 -21"><span class='ocrx_word' id='word_1_93' title='bbox 224 1474 340 1555; x_wconf 90' lang='lat' dir='ltr'><strong>Itaque</strong></span> <span class='ocrx_word' id='word_1_94' title='bbox 368 1474 487 1536; x_wconf 86' lang='lat' dir='ltr'><strong>Paulus</strong></span> <span class='ocrx_word' id='word_1_95' title='bbox 514 1493 643 1555; x_wconf 91' lang='lat' dir='ltr'><strong>quoque</strong></span> <span class='ocrx_word' id='word_1_96' title='bbox 670 1475 732 1537; x_wconf 87' lang='lat' dir='ltr'><strong>hae</strong></span> <span class='ocrx_word' id='word_1_97' title='bbox 759 1475 830 1557; x_wconf 86' lang='lat' dir='ltr'><strong>ipsa</strong></span> <span class='ocrx_word' id='word_1_98' title='bbox 863 1474 1075 1538; x_wconf 84' lang='lat' dir='ltr'><strong>similitudine</strong></span> 
     </span>
     <span class='ocr_line' id='line_1_15' title="bbox 134 1558 1076 1644; baseline 0.002 -19"><span class='ocrx_word' id='word_1_99' title='bbox 134 1563 253 1639; x_wconf 88' lang='lat' dir='ltr'><strong>utitur,</strong></span> <span class='ocrx_word' id='word_1_100' title='bbox 284 1582 359 1625; x_wconf 88' lang='lat' dir='ltr'><strong>eum</strong></span> <span class='ocrx_word' id='word_1_101' title='bbox 386 1562 466 1626; x_wconf 84' lang='lat' dir='ltr'><strong>dicit</strong></span> <span class='ocrx_word' id='word_1_102' title='bbox 494 1563 597 1644; x_wconf 78' lang='lat' dir='ltr'><strong>Ephe.</strong></span> <span class='ocrx_word' id='word_1_103' title='bbox 622 1558 673 1627; x_wconf 59' lang='lat'><strong>5!</strong></span> <span class='ocrx_word' id='word_1_104' title='bbox 700 1564 864 1628; x_wconf 80' lang='lat' dir='ltr'><strong>Christum</strong></span> <span class='ocrx_word' id='word_1_105' title='bbox 894 1564 1016 1627; x_wconf 89' lang='lat' dir='ltr'><strong>nutrire</strong></span> <span class='ocrx_word' id='word_1_106' title='bbox 1044 1569 1076 1627; x_wconf 91' lang='lat' dir='ltr'><strong>et</strong></span> 
     </span>
     <span class='ocr_line' id='line_1_16' title="bbox 134 1652 1075 1735; baseline 0.004 -22"><span class='ocrx_word' id='word_1_107' title='bbox 134 1652 242 1715; x_wconf 85' lang='lat' dir='ltr'><strong>fovere</strong></span> <span class='ocrx_word' id='word_1_108' title='bbox 266 1652 435 1715; x_wconf 85' lang='lat' dir='ltr'><strong>eeclesiam</strong></span> <span class='ocrx_word' id='word_1_109' title='bbox 456 1671 548 1715; x_wconf 84' lang='lat' dir='ltr'><strong>suam</strong></span> <span class='ocrx_word' id='word_1_110' title='bbox 564 1657 722 1733; x_wconf 85' lang='lat' dir='ltr'><strong>tanquam</strong></span> <span class='ocrx_word' id='word_1_111' title='bbox 736 1653 921 1715; x_wconf 81' lang='lat' dir='ltr'><strong>membrum</strong></span> <span class='ocrx_word' id='word_1_112' title='bbox 936 1654 1075 1735; x_wconf 87' lang='lat' dir='ltr'><strong>eorporis</strong></span> 
     </span>
     <span class='ocr_line' id='line_1_17' title="bbox 134 1739 1074 1818; baseline 0 -15"><span class='ocrx_word' id='word_1_113' title='bbox 134 1739 198 1817; x_wconf 85' lang='lat' dir='ltr'><strong>sui,</strong></span> <span class='ocrx_word' id='word_1_114' title='bbox 224 1758 356 1803; x_wconf 88' lang='lat' dir='ltr'><strong>carnem</strong></span> <span class='ocrx_word' id='word_1_115' title='bbox 378 1760 420 1803; x_wconf 84' lang='lat' dir='ltr'><strong>ex</strong></span> <span class='ocrx_word' id='word_1_116' title='bbox 441 1760 536 1803; x_wconf 87' lang='lat' dir='ltr'><strong>earne</strong></span> <span class='ocrx_word' id='word_1_117' title='bbox 559 1740 645 1818; x_wconf 90' lang='lat' dir='ltr'><strong>eius,</strong></span> <span class='ocrx_word' id='word_1_118' title='bbox 670 1747 702 1804; x_wconf 91' lang='lat' dir='ltr'><strong>et</strong></span> <span class='ocrx_word' id='word_1_119' title='bbox 725 1761 760 1804; x_wconf 90' lang='lat' dir='ltr'><strong>os</strong></span> <span class='ocrx_word' id='word_1_120' title='bbox 783 1760 825 1803; x_wconf 86' lang='lat' dir='ltr'><strong>ex</strong></span> <span class='ocrx_word' id='word_1_121' title='bbox 846 1740 973 1804; x_wconf 86' lang='lat' dir='ltr'><strong>ossibus</strong></span> <span class='ocrx_word' id='word_1_122' title='bbox 996 1742 1074 1805; x_wconf 85' lang='lat' dir='ltr'><strong>eius.</strong></span> 
     </span>
    </p>
   </div>
   <div class='ocr_carea' id='block_1_7' title="bbox 12 1828 1077 1911">
    <p class='ocr_par' dir='ltr' id='par_1_8' title="bbox 12 1828 1077 1911">
     <span class='ocr_line' id='line_1_18' title="bbox 12 1828 1077 1911; baseline 0.002 -20"><span class='ocrx_word' id='word_1_123' title='bbox 12 1866 13 1876; x_wconf 28' lang='grc' dir='ltr'><strong>κ</strong></span> <span class='ocrx_word' id='word_1_124' title='bbox 133 1830 224 1892; x_wconf 87' lang='lat' dir='ltr'><strong>Haeo</strong></span> <span class='ocrx_word' id='word_1_125' title='bbox 259 1829 415 1892; x_wconf 81' lang='lat' dir='ltr'><strong>beneficia</strong></span> <span class='ocrx_word' id='word_1_126' title='bbox 448 1830 510 1892; x_wconf 88' lang='lat' dir='ltr'><strong>etsi</strong></span> <span class='ocrx_word' id='word_1_127' title='bbox 542 1849 600 1911; x_wconf 90' lang='lat' dir='ltr'><strong>per</strong></span> <span class='ocrx_word' id='word_1_128' title='bbox 633 1830 798 1893; x_wconf 85' lang='lat' dir='ltr'><strong>Christum</strong></span> <span class='ocrx_word' id='word_1_129' title='bbox 831 1828 964 1892; x_wconf 92' lang='lat' dir='ltr'><strong>demum</strong></span> <span class='ocrx_word' id='word_1_130' title='bbox 1000 1836 1077 1893; x_wconf 86' lang='lat' dir='ltr'><strong>sunt</strong></span> 
     </span>
    </p>
   </div>
   <div class='ocr_carea' id='block_1_8' title="bbox 80 1918 1077 2172">
    <p class='ocr_par' dir='ltr' id='par_1_9' title="bbox 80 1918 1077 2172">
     <span class='ocr_line' id='line_1_19' title="bbox 80 1918 1075 2000; baseline 0.001 -20"><span class='ocrx_word' id='word_1_131' title='bbox 80 1928 87 1944; x_wconf 85' lang='lat'><strong><em>¹</em></strong></span> <span class='ocrx_word' id='word_1_132' title='bbox 133 1918 295 1995; x_wconf 83' lang='lat' dir='ltr'><strong>exhibita,</strong></span> <span class='ocrx_word' id='word_1_133' title='bbox 326 1923 436 1981; x_wconf 90' lang='lat' dir='ltr'><strong>tamen</strong></span> <span class='ocrx_word' id='word_1_134' title='bbox 458 1924 491 1981; x_wconf 88' lang='lat' dir='ltr'><strong>et</strong></span> <span class='ocrx_word' id='word_1_135' title='bbox 518 1920 678 1999; x_wconf 85' lang='lat' dir='ltr'><strong>promissa</strong></span> <span class='ocrx_word' id='word_1_136' title='bbox 707 1925 784 1982; x_wconf 88' lang='lat' dir='ltr'><strong>sunt</strong></span> <span class='ocrx_word' id='word_1_137' title='bbox 811 1918 931 2000; x_wconf 92' lang='lat' dir='ltr'><strong>populo</strong></span> <span class='ocrx_word' id='word_1_138' title='bbox 960 1920 1075 1981; x_wconf 87' lang='lat' dir='ltr'><strong>veteris</strong></span> 
     </span>
     <span class='ocr_line' id='line_1_20' title="bbox 133 2007 1077 2089; baseline -0.001 -19"><span class='ocrx_word' id='word_1_139' title='bbox 133 2008 336 2084; x_wconf 88' lang='lat' dir='ltr'><strong>testamenti,</strong></span> <span class='ocrx_word' id='word_1_140' title='bbox 368 2012 401 2069; x_wconf 89' lang='lat' dir='ltr'><strong>et</strong></span> <span class='ocrx_word' id='word_1_141' title='bbox 422 2008 479 2087; x_wconf 90' lang='lat' dir='ltr'><strong>qui</strong></span> <span class='ocrx_word' id='word_1_142' title='bbox 502 2008 750 2089; x_wconf 78' lang='lat' dir='ltr'><strong>promissionem</strong></span> <span class='ocrx_word' id='word_1_143' title='bbox 771 2007 856 2070; x_wconf 87' lang='lat' dir='ltr'><strong>hano</strong></span> <span class='ocrx_word' id='word_1_144' title='bbox 885 2013 1077 2088; x_wconf 84' lang='lat' dir='ltr'><strong>aeceperunt</strong></span> 
     </span>
     <span class='ocr_line' id='line_1_21' title="bbox 133 2096 493 2172; baseline -0.006 -14"><span class='ocrx_word' id='word_1_145' title='bbox 133 2096 206 2172; x_wconf 90' lang='lat' dir='ltr'><strong>fide,</strong></span> <span class='ocrx_word' id='word_1_146' title='bbox 232 2096 348 2160; x_wconf 82' lang='lat' dir='ltr'><strong>salvati</strong></span> <span class='ocrx_word' id='word_1_147' title='bbox 370 2102 455 2160; x_wconf 86' lang='lat' dir='ltr'><strong>sunt.</strong></span> <span class='ocrx_word' id='word_1_148' title='bbox 490 2151 493 2156; x_wconf 91' lang='lat'>.</span> 
     </span>
    </p>
   </div>
   <div class='ocr_carea' id='block_1_9' title="bbox 133 2289 1075 2549">
    <p class='ocr_par' dir='ltr' id='par_1_10' title="bbox 133 2289 1075 2549">
     <span class='ocr_line' id='line_1_22' title="bbox 133 2289 1075 2406; baseline 0.004 -56"><span class='ocrx_word' id='word_1_149' title='bbox 133 2289 235 2406; x_wconf 77' lang='lat' dir='ltr'><strong>Qvod</strong></span> <span class='ocrx_word' id='word_1_150' title='bbox 259 2291 358 2370; x_wconf 90' lang='lat' dir='ltr'><strong>igitur</strong></span> <span class='ocrx_word' id='word_1_151' title='bbox 380 2297 413 2354; x_wconf 87' lang='lat' dir='ltr'><strong>et</strong></span> <span class='ocrx_word' id='word_1_152' title='bbox 435 2291 574 2393; x_wconf 71' lang='lat' dir='ltr'><strong>pqpulus</strong></span> <span class='ocrx_word' id='word_1_153' title='bbox 597 2291 632 2353; x_wconf 91' lang='lat' dir='ltr'><strong>in</strong></span> <span class='ocrx_word' id='word_1_154' title='bbox 651 2291 750 2354; x_wconf 89' lang='lat' dir='ltr'><strong>veteri</strong></span> <span class='ocrx_word' id='word_1_155' title='bbox 765 2297 958 2395; x_wconf 74' lang='lat' dir='ltr'><strong>testamento</strong></span> <span class='ocrx_word' id='word_1_156' title='bbox 974 2313 993 2355; x_wconf 89' lang='lat' dir='ltr'><strong>a</strong></span> <span class='ocrx_word' id='word_1_157' title='bbox 1007 2298 1075 2354; x_wconf 87' lang='lat' dir='ltr'><strong>tam</strong></span> 
     </span>
     <span class='ocr_line' id='line_1_23' title="bbox 192 2379 1074 2456; baseline 0 -14"><span class='ocrx_word' id='word_1_158' title='bbox 192 2380 338 2454; x_wconf 80' lang='lat' dir='ltr'><strong>benefico</strong></span> <span class='ocrx_word' id='word_1_159' title='bbox 361 2379 421 2442; x_wconf 89' lang='lat' dir='ltr'><strong>deo</strong></span> <span class='ocrx_word' id='word_1_160' title='bbox 444 2379 589 2456; x_wconf 85' lang='lat' dir='ltr'><strong>draoedrt,</strong></span> <span class='ocrx_word' id='word_1_161' title='bbox 614 2387 647 2442; x_wconf 89' lang='lat' dir='ltr'><strong>et</strong></span> <span class='ocrx_word' id='word_1_162' title='bbox 669 2400 727 2443; x_wconf 88' lang='lat' dir='ltr'><strong>nos</strong></span> <span class='ocrx_word' id='word_1_163' title='bbox 749 2380 846 2443; x_wconf 82' lang='lat' dir='ltr'><strong>hodie</strong></span> <span class='ocrx_word' id='word_1_164' title='bbox 869 2381 961 2443; x_wconf 91' lang='lat' dir='ltr'><strong>obhtr</strong></span> <span class='ocrx_word' id='word_1_165' title='bbox 982 2381 1074 2443; x_wconf 88' lang='lat' dir='ltr'><strong>bene-</strong></span> 
     </span>
     <span class='ocr_line' id='line_1_24' title="bbox 133 2468 1074 2549; baseline 0.002 -20"><span class='ocrx_word' id='word_1_166' title='bbox 133 2468 282 2530; x_wconf 82' lang='lat' dir='ltr'><strong>ficiorum</strong></span> <span class='ocrx_word' id='word_1_167' title='bbox 305 2468 432 2545; x_wconf 80' lang='lat' dir='ltr'><strong>Christi,</strong></span> <span class='ocrx_word' id='word_1_168' title='bbox 456 2468 590 2531; x_wconf 88' lang='lat' dir='ltr'><strong>verbum</strong></span> <span class='ocrx_word' id='word_1_169' title='bbox 613 2473 647 2530; x_wconf 89' lang='lat' dir='ltr'><strong>et</strong></span> <span class='ocrx_word' id='word_1_170' title='bbox 669 2468 774 2532; x_wconf 87' lang='lat' dir='ltr'><strong>cultus</strong></span> <span class='ocrx_word' id='word_1_171' title='bbox 796 2469 837 2531; x_wconf 90' lang='lat' dir='ltr'><strong>ab</strong></span> <span class='ocrx_word' id='word_1_172' title='bbox 860 2469 1074 2549; x_wconf 82' lang='lat' dir='ltr'><strong>ipsninstitu-</strong></span> 
     </span>
    </p>
   </div>
   <div class='ocr_carea' id='block_1_10' title="bbox 11 2551 1076 2726">
    <p class='ocr_par' dir='ltr' id='par_1_11' title="bbox 11 2551 1076 2726">
     <span class='ocr_line' id='line_1_25' title="bbox 11 2551 1075 2638; baseline -0.001 -18"><span class='ocrx_word' id='word_1_173' title='bbox 11 2551 12 2599; x_wconf 62' lang='lat'>¹</span> <span class='ocrx_word' id='word_1_174' title='bbox 132 2563 182 2620; x_wconf 88' lang='lat' dir='ltr'><strong>tos</strong></span> <span class='ocrx_word' id='word_1_175' title='bbox 205 2562 239 2619; x_wconf 92' lang='lat' dir='ltr'><strong>et</strong></span> <span class='ocrx_word' id='word_1_176' title='bbox 262 2557 432 2620; x_wconf 88' lang='lat' dir='ltr'><strong>mandatos</strong></span> <span class='ocrx_word' id='word_1_177' title='bbox 456 2556 659 2637; x_wconf 86' lang='lat' dir='ltr'><strong>negligimus,</strong></span> <span class='ocrx_word' id='word_1_178' title='bbox 685 2563 717 2619; x_wconf 87' lang='lat' dir='ltr'><strong>et</strong></span> <span class='ocrx_word' id='word_1_179' title='bbox 739 2576 778 2619; x_wconf 90' lang='lat' dir='ltr'><strong>ea</strong></span> <span class='ocrx_word' id='word_1_180' title='bbox 793 2557 968 2637; x_wconf 90' lang='lat' dir='ltr'><strong>sequimur,</strong></span> <span class='ocrx_word' id='word_1_181' title='bbox 993 2575 1075 2638; x_wconf 91' lang='lat' dir='ltr'><strong>quae</strong></span> 
     </span>
     <span class='ocr_line' id='line_1_26' title="bbox 11 2645 1076 2726; baseline -0.007 -11"><span class='ocrx_word' id='word_1_182' title='bbox 11 2656 12 2715; x_wconf 71' lang='grc' dir='ltr'>ἶ</span> <span class='ocrx_word' id='word_1_183' title='bbox 132 2646 241 2721; x_wconf 86' lang='lat' dir='ltr'><strong>verbo,</strong></span> <span class='ocrx_word' id='word_1_184' title='bbox 266 2665 371 2726; x_wconf 91' lang='lat' dir='ltr'><strong>neque</strong></span> <span class='ocrx_word' id='word_1_185' title='bbox 393 2651 531 2721; x_wconf 85' lang='lat' dir='ltr'><strong>ostensa,</strong></span> <span class='ocrx_word' id='word_1_186' title='bbox 556 2665 615 2707; x_wconf 89' lang='lat' dir='ltr'><strong>nee</strong></span> <span class='ocrx_word' id='word_1_187' title='bbox 637 2646 792 2708; x_wconf 87' lang='lat' dir='ltr'><strong>mandata</strong></span> <span class='ocrx_word' id='word_1_188' title='bbox 814 2652 900 2724; x_wconf 86' lang='lat' dir='ltr'><strong>sunt,</strong></span> <span class='ocrx_word' id='word_1_189' title='bbox 925 2645 982 2709; x_wconf 89' lang='lat' dir='ltr'><strong>sed</strong></span> <span class='ocrx_word' id='word_1_190' title='bbox 1001 2665 1076 2709; x_wconf 87' lang='lat' dir='ltr'><strong>oum</strong></span> 
     </span>
    </p>
   </div>
   <div class='ocr_carea' id='block_1_11' title="bbox 132 2734 1076 2817">
    <p class='ocr_par' dir='ltr' id='par_1_12' title="bbox 132 2734 1076 2817">
     <span class='ocr_line' id='line_1_27' title="bbox 132 2734 1076 2817; baseline 0.003 -22"><span class='ocrx_word' id='word_1_191' title='bbox 132 2734 231 2797; x_wconf 86' lang='lat' dir='ltr'><strong>verbo</strong></span> <span class='ocrx_word' id='word_1_192' title='bbox 263 2741 419 2815; x_wconf 87' lang='lat' dir='ltr'><strong>pugnant.</strong></span> <span class='ocrx_word' id='word_1_193' title='bbox 464 2734 537 2796; x_wconf 89' lang='lat' dir='ltr'><strong>Hoo</strong></span> <span class='ocrx_word' id='word_1_194' title='bbox 570 2740 739 2815; x_wconf 83' lang='lat' dir='ltr'><strong>peecatum</strong></span> <span class='ocrx_word' id='word_1_195' title='bbox 773 2735 936 2816; x_wconf 90' lang='lat' dir='ltr'><strong>quomodo</strong></span> <span class='ocrx_word' id='word_1_196' title='bbox 970 2740 1076 2817; x_wconf 87' lang='lat' dir='ltr'><strong>potest</strong></span> 
     </span>
    </p>
   </div>
   <div class='ocr_carea' id='block_1_12' title="bbox 11 2804 1076 3169">
    <p class='ocr_par' dir='ltr' id='par_1_13' title="bbox 11 2804 1076 3169">
     <span class='ocr_line' id='line_1_28' title="bbox 11 2804 1075 2904; baseline -0.001 -19"><span class='ocrx_word' id='word_1_197' title='bbox 11 2804 14 2873; x_wconf 29' lang='grc' dir='ltr'>ζ</span> <span class='ocrx_word' id='word_1_198' title='bbox 133 2823 243 2904; x_wconf 84' lang='lat' dir='ltr'><strong>aptius</strong></span> <span class='ocrx_word' id='word_1_199' title='bbox 267 2823 413 2900; x_wconf 82' lang='lat' dir='ltr'><strong>describi,</strong></span> <span class='ocrx_word' id='word_1_200' title='bbox 437 2843 536 2902; x_wconf 88' lang='lat' dir='ltr'><strong>quam</strong></span> <span class='ocrx_word' id='word_1_201' title='bbox 557 2822 613 2885; x_wconf 88' lang='lat' dir='ltr'><strong>illa</strong></span> <span class='ocrx_word' id='word_1_202' title='bbox 628 2823 840 2887; x_wconf 88' lang='lat' dir='ltr'><strong>similitudine</strong></span> <span class='ocrx_word' id='word_1_203' title='bbox 854 2824 1075 2888; x_wconf 85' lang='lat' dir='ltr'><strong>fornicationis</strong></span> 
     </span>
     <span class='ocr_line' id='line_1_29' title="bbox 11 2910 1076 2998; baseline 0 -24"><span class='ocrx_word' id='word_1_204' title='bbox 11 2940 12 2998; x_wconf 50' lang='lat' dir='ltr'><strong>p</strong></span> <span class='ocrx_word' id='word_1_205' title='bbox 133 2931 190 2974; x_wconf 89' lang='lat' dir='ltr'><strong>seu</strong></span> <span class='ocrx_word' id='word_1_206' title='bbox 214 2910 388 2974; x_wconf 80' lang='lat' dir='ltr'><strong>adulterii?</strong></span> <span class='ocrx_word' id='word_1_207' title='bbox 425 2911 509 2973; x_wconf 87' lang='lat' dir='ltr'><strong>Nam</strong></span> <span class='ocrx_word' id='word_1_208' title='bbox 531 2913 593 2974; x_wconf 90' lang='lat' dir='ltr'><strong>hoo</strong></span> <span class='ocrx_word' id='word_1_209' title='bbox 615 2931 681 2974; x_wconf 91' lang='lat' dir='ltr'><strong>uno</strong></span> <span class='ocrx_word' id='word_1_210' title='bbox 712 2913 845 2974; x_wconf 87' lang='lat' dir='ltr'><strong>crimine</strong></span> <span class='ocrx_word' id='word_1_211' title='bbox 876 2913 986 2975; x_wconf 91' lang='lat' dir='ltr'><strong>omnia</strong></span> <span class='ocrx_word' id='word_1_212' title='bbox 1014 2912 1076 2974; x_wconf 87' lang='lat' dir='ltr'><strong>ista</strong></span> 
     </span>
     <span class='ocr_line' id='line_1_30' title="bbox 11 2999 1075 3082; baseline -0.003 -19"><span class='ocrx_word' id='word_1_213' title='bbox 11 3004 12 3080; x_wconf 60' lang='lat' dir='ltr'><strong>t</strong></span> <span class='ocrx_word' id='word_1_214' title='bbox 133 2999 468 3082; x_wconf 81' lang='lat' dir='ltr'><strong>comprehenduntur,</strong></span> <span class='ocrx_word' id='word_1_215' title='bbox 508 2999 595 3080; x_wconf 92' lang='lat' dir='ltr'><strong>quod</strong></span> <span class='ocrx_word' id='word_1_216' title='bbox 633 2999 713 3064; x_wconf 89' lang='lat' dir='ltr'><strong>deus</strong></span> <span class='ocrx_word' id='word_1_217' title='bbox 750 3001 945 3064; x_wconf 87' lang='lat' dir='ltr'><strong>immensam</strong></span> <span class='ocrx_word' id='word_1_218' title='bbox 983 3019 1075 3062; x_wconf 87' lang='lat' dir='ltr'><strong>suam</strong></span> 
     </span>
     <span class='ocr_line' id='line_1_31' title="bbox 11 3088 1075 3169; baseline 0.002 -21"><span class='ocrx_word' id='word_1_219' title='bbox 11 3140 12 3148; x_wconf 72' lang='grc'>,</span> <span class='ocrx_word' id='word_1_220' title='bbox 134 3090 274 3168; x_wconf 89' lang='lat' dir='ltr'><strong>gratiam</strong></span> <span class='ocrx_word' id='word_1_221' title='bbox 297 3108 372 3169; x_wconf 87' lang='lat' dir='ltr'><strong>erga</strong></span> <span class='ocrx_word' id='word_1_222' title='bbox 393 3088 543 3168; x_wconf 89' lang='lat' dir='ltr'><strong>indignos</strong></span> <span class='ocrx_word' id='word_1_223' title='bbox 566 3094 599 3151; x_wconf 89' lang='lat' dir='ltr'><strong>et</strong></span> <span class='ocrx_word' id='word_1_224' title='bbox 620 3107 693 3151; x_wconf 88' lang='lat' dir='ltr'><strong>vere</strong></span> <span class='ocrx_word' id='word_1_225' title='bbox 716 3089 751 3150; x_wconf 91' lang='lat' dir='ltr'><strong>in</strong></span> <span class='ocrx_word' id='word_1_226' title='bbox 780 3090 936 3168; x_wconf 88' lang='lat' dir='ltr'><strong>sanguine</strong></span> <span class='ocrx_word' id='word_1_227' title='bbox 966 3093 1075 3152; x_wconf 86' lang='lat' dir='ltr'><strong>nostro</strong></span> 
     </span>
    </p>
   </div>
   <div class='ocr_carea' id='block_1_13' title="bbox 132 3171 1076 3613">
    <p class='ocr_par' dir='ltr' id='par_1_14' title="bbox 132 3171 1076 3613">
     <span class='ocr_line' id='line_1_32' title="bbox 132 3171 1075 3258; baseline 0 -19"><span class='ocrx_word' id='word_1_228' title='bbox 132 3179 316 3240; x_wconf 87' lang='lat' dir='ltr'><strong>volutantes</strong></span> <span class='ocrx_word' id='word_1_229' title='bbox 343 3171 498 3253; x_wconf 83' lang='lat' dir='ltr'><strong>declarat,</strong></span> <span class='ocrx_word' id='word_1_230' title='bbox 536 3176 623 3258; x_wconf 89' lang='lat' dir='ltr'><strong>quod</strong></span> <span class='ocrx_word' id='word_1_231' title='bbox 651 3197 710 3240; x_wconf 85' lang='lat' dir='ltr'><strong>nos</strong></span> <span class='ocrx_word' id='word_1_232' title='bbox 738 3182 806 3240; x_wconf 87' lang='lat' dir='ltr'><strong>tam</strong></span> <span class='ocrx_word' id='word_1_233' title='bbox 836 3178 980 3241; x_wconf 84' lang='lat' dir='ltr'><strong>benefico</strong></span> <span class='ocrx_word' id='word_1_234' title='bbox 1015 3176 1075 3240; x_wconf 91' lang='lat' dir='ltr'><strong>deo</strong></span> 
     </span>
     <span class='ocr_line' id='line_1_33' title="bbox 132 3265 1073 3346; baseline -0.001 -19"><span class='ocrx_word' id='word_1_235' title='bbox 132 3266 253 3346; x_wconf 88' lang='lat' dir='ltr'><strong>ingrati</strong></span> <span class='ocrx_word' id='word_1_236' title='bbox 276 3285 405 3342; x_wconf 87' lang='lat' dir='ltr'><strong>sumus,</strong></span> <span class='ocrx_word' id='word_1_237' title='bbox 435 3265 523 3345; x_wconf 91' lang='lat' dir='ltr'><strong>quod</strong></span> <span class='ocrx_word' id='word_1_238' title='bbox 546 3271 690 3328; x_wconf 85' lang='lat' dir='ltr'><strong>extrema</strong></span> <span class='ocrx_word' id='word_1_239' title='bbox 711 3265 887 3345; x_wconf 87' lang='lat' dir='ltr'><strong>indignitas</strong></span> <span class='ocrx_word' id='word_1_240' title='bbox 910 3267 989 3329; x_wconf 85' lang='lat' dir='ltr'><strong>haee</strong></span> <span class='ocrx_word' id='word_1_241' title='bbox 1016 3271 1073 3341; x_wconf 88' lang='lat' dir='ltr'><strong>est,</strong></span> 
     </span>
     <span class='ocr_line' id='line_1_34' title="bbox 175 3353 1074 3431; baseline -0.002 -14"><span class='ocrx_word' id='word_1_242' title='bbox 175 3361 245 3417; x_wconf 91' lang='lat' dir='ltr'><strong>tam</strong></span> <span class='ocrx_word' id='word_1_243' title='bbox 268 3354 431 3431; x_wconf 77' lang='lat' dir='ltr'><strong>munifico,</strong></span> <span class='ocrx_word' id='word_1_244' title='bbox 456 3354 607 3416; x_wconf 87' lang='lat' dir='ltr'><strong>elementi</strong></span> <span class='ocrx_word' id='word_1_245' title='bbox 629 3359 662 3416; x_wconf 94' lang='lat' dir='ltr'><strong>et</strong></span> <span class='ocrx_word' id='word_1_246' title='bbox 676 3355 830 3418; x_wconf 88' lang='lat' dir='ltr'><strong>benevolo</strong></span> <span class='ocrx_word' id='word_1_247' title='bbox 845 3356 961 3418; x_wconf 88' lang='lat' dir='ltr'><strong>marito</strong></span> <span class='ocrx_word' id='word_1_248' title='bbox 977 3353 1074 3416; x_wconf 87' lang='lat' dir='ltr'><strong>disee-</strong></span> 
     </span>
     <span class='ocr_line' id='line_1_35' title="bbox 156 3442 1074 3524; baseline 0 -20"><span class='ocrx_word' id='word_1_249' title='bbox 156 3463 219 3519; x_wconf 89' lang='lat' dir='ltr'><strong>ere,</strong></span> <span class='ocrx_word' id='word_1_250' title='bbox 244 3442 334 3524; x_wconf 91' lang='lat' dir='ltr'><strong>apud</strong></span> <span class='ocrx_word' id='word_1_251' title='bbox 357 3462 454 3522; x_wconf 90' lang='lat' dir='ltr'><strong>quem</strong></span> <span class='ocrx_word' id='word_1_252' title='bbox 476 3442 512 3505; x_wconf 94' lang='lat' dir='ltr'><strong>in</strong></span> <span class='ocrx_word' id='word_1_253' title='bbox 530 3461 658 3505; x_wconf 89' lang='lat' dir='ltr'><strong>summo</strong></span> <span class='ocrx_word' id='word_1_254' title='bbox 673 3445 794 3506; x_wconf 89' lang='lat' dir='ltr'><strong>honore</strong></span> <span class='ocrx_word' id='word_1_255' title='bbox 810 3463 931 3519; x_wconf 82' lang='lat' dir='ltr'><strong>sumus,</strong></span> <span class='ocrx_word' id='word_1_256' title='bbox 956 3448 989 3505; x_wconf 91' lang='lat' dir='ltr'><strong>et</strong></span> <span class='ocrx_word' id='word_1_257' title='bbox 1004 3463 1074 3505; x_wconf 87' lang='lat' dir='ltr'><strong>eon·</strong></span> 
     </span>
     <span class='ocr_line' id='line_1_36' title="bbox 162 3531 1076 3613; baseline 0.004 -21"><span class='ocrx_word' id='word_1_258' title='bbox 162 3551 267 3611; x_wconf 75' lang='lat' dir='ltr'><strong>ingere</strong></span> <span class='ocrx_word' id='word_1_259' title='bbox 290 3551 350 3593; x_wconf 84' lang='lat' dir='ltr'><strong>noa</strong></span> <span class='ocrx_word' id='word_1_260' title='bbox 373 3550 448 3593; x_wconf 90' lang='lat' dir='ltr'><strong>eum</strong></span> <span class='ocrx_word' id='word_1_261' title='bbox 470 3531 519 3607; x_wconf 86' lang='lat' dir='ltr'><strong>iis,</strong></span> <span class='ocrx_word' id='word_1_262' title='bbox 544 3531 602 3612; x_wconf 90' lang='lat' dir='ltr'><strong>qui</strong></span> <span class='ocrx_word' id='word_1_263' title='bbox 624 3531 667 3593; x_wconf 89' lang='lat' dir='ltr'><strong>ad</strong></span> <span class='ocrx_word' id='word_1_264' title='bbox 689 3532 925 3613; x_wconf 88' lang='lat' dir='ltr'><strong>turpitudinem</strong></span> <span class='ocrx_word' id='word_1_265' title='bbox 947 3537 1076 3596; x_wconf 88' lang='lat' dir='ltr'><strong>tantum</strong></span> 
     </span>
    </p>
   </div>
   <div class='ocr_carea' id='block_1_14' title="bbox 225 3687 983 3774">
    <p class='ocr_par' dir='ltr' id='par_1_15' title="bbox 225 3687 983 3774">
     <span class='ocr_line' id='line_1_37' title="bbox 225 3687 983 3774; baseline 0.005 -18"><span class='ocrx_word' id='word_1_266' title='bbox 225 3704 252 3772; x_wconf 92' lang='lat'><strong>1)</strong></span> <span class='ocrx_word' id='word_1_267' title='bbox 271 3704 365 3758; x_wconf 71' lang='lat' dir='ltr'><strong>siuns</strong></span> <span class='ocrx_word' id='word_1_268' title='bbox 383 3704 430 3759; x_wconf 78' lang='lat' dir='ltr'><strong>aa</strong></span> <span class='ocrx_word' id='word_1_269' title='bbox 449 3687 573 3772; x_wconf 67' lang='lat' dir='ltr'><strong>sponna</strong></span> <span class='ocrx_word' id='word_1_270' title='bbox 591 3705 745 3760; x_wconf 71' lang='lat' dir='ltr'><strong>aeclesiae.</strong></span> <span class='ocrx_word' id='word_1_271' title='bbox 783 3704 811 3772; x_wconf 81' lang='lat' dir='ltr'><strong>a)</strong></span> <span class='ocrx_word' id='word_1_272' title='bbox 830 3705 937 3774; x_wconf 83' lang='lat' dir='ltr'><strong>Ephes.</strong></span> <span class='ocrx_word' id='word_1_273' title='bbox 957 3704 983 3760; x_wconf 80' lang='lat'><strong>5.</strong></span> 
     </span>
    </p>
   </div>
   <div class='ocr_carea' id='block_1_15' title="bbox 0 0 1292 4225">
    <p class='ocr_par' dir='ltr' id='par_1_16' title="bbox 0 0 1292 4225">
     <span class='ocr_line' id='line_1_38' title="bbox 0 0 1292 4225; baseline 0 0"><span class='ocrx_word' id='word_1_274' title='bbox 0 0 1292 4225; x_wconf 95' lang='lat' dir='ltr'><strong> </strong></span> 
     </span>
    </p>
   </div>
  </div>
 </body>
</html>
