2575 4225
3 334 134 422 ς,

194 256 260 317 196
532 254 636 334 Caput
659 254 800 334 primum

190 440 303 516 postea
317 431 458 495 ostendit
476 433 673 509 hominibus,
699 437 732 494 et
754 452 773 495 a
788 432 906 495 Sataua
929 432 1024 495 toties
1039 432 1138 509 victe,

191 524 278 586 vinci
301 542 335 584 se
357 541 472 602 passus
495 527 558 597 est,
587 527 625 583 ut
647 522 780 584 eeclesia
803 541 823 582 a
846 538 972 583 summo
995 521 1142 601 periculo

192 618 339 674 aeternae
360 611 472 673 mortis
487 610 683 673 liberaretur.
724 610 895 691 Speremus
911 615 1029 685 autem,
1055 610 1141 673 sicut

71 700 75 707 '
192 700 354 775 Christus,
383 700 481 761 etiam
505 705 681 779 antequam
710 704 860 761 naturam
882 698 1063 760 humanam
1086 698 1140 761 ad-

193 790 349 870 sumpsit,
381 789 505 851 ociosus
528 788 689 864 nonfuit,
723 787 780 850 sed
803 783 956 867 opposuit
982 806 1015 849 se
1039 788 1142 850 furori

193 879 345 954 Satanae,
383 878 430 939 ita
455 878 517 940 hoe
546 897 676 956 quoque
705 882 863 957 tempore,
902 882 1076 957 postquam
1105 876 1142 939 in

193 967 379 1046 gloriaest,
410 986 476 1029 non
499 965 688 1028 defuturum
711 965 815 1041 nobis,
840 964 897 1027 sed
919 984 1143 1046 repressurum

193 1056 319 1118 hostem
343 1074 440 1117 suum
462 1054 624 1130 Satanam,
650 1060 699 1117 tot
721 1053 826 1116 modis
849 1052 1060 1116 insidiantem
1083 1055 1142 1116 mi-

193 1164 281 1207 serae
304 1143 465 1207 eeclesiae.

284 1307 303 1345 r
334 1287 563 1349 ablactavit
585 1287 638 1349 Lo
660 1286 853 1366 Ryham0‚
885 1306 929 1349 ac
952 1288 1144 1368 concepit

301 1395 474 1451 rursum,
511 1380 550 1437 et
587 1375 751 1456 peperit
785 1375 919 1439 filiurn
949 1381 987 1437 et
1022 1375 1141 1439 dixit:

239 1465 347 1525 Voea
382 1484 529 1527 nomen
564 1465 651 1527 eius
688 1464 915 1541 LO-Ammi,
950 1466 1143 1544 quoniam

239 1573 309 1616 vos
325 1548 544 1634 nonpolus1
561 1572 689 1630 meus,
703 1573 829 1633 neque
842 1574 910 1634 ego
924 1560 1054 1617 vester
1069 1574 1140 1617 ero.

196 1693 304 1810 Quod
326 1695 439 1798 Iudaei
462 1696 575 1758 dicunt
588 1695 661 1798 ideo
684 1671 771 1769 nunc
794 1696 899 1759 filium
918 1716 1006 1759 nune
1029 1697 1141 1774 filiam,

256 1784 387 1851 tandem
416 1791 534 1849 lterum
564 1786 668 1847 filium
696 1786 871 1867 prophetae
899 1792 1021 1862 natum,
1054 1786 1143 1867 quod

4 1915 8 1934 ,
73 1926 76 1930 .
195 1894 331 1955 regnum
360 1873 422 1936 alio
453 1879 597 1955 tempore
623 1875 747 1937 firmius
779 1875 841 1937 alio
870 1876 979 1937 minus
1011 1876 1144 1939 firmum

14 1996 20 2006 κ
143 1977 146 1980 ‘
196 1969 228 2025 et
251 1964 474 2025 calamitosum
498 1963 603 2039 fuerit,
628 1984 694 2027 non
717 1964 849 2026 omnino
877 1964 1034 2045 displicet,
1065 1986 1144 2027 narn

195 2072 271 2115 cum
299 2052 432 2116 historia
460 2053 626 2129 convenit,
663 2058 695 2139 et
723 2052 881 2135 scriptura
911 2072 1022 2134 saepe,
1059 2074 1143 2135 quae

195 2141 338 2202 firmiora
361 2147 446 2217 sunt,
470 2143 621 2204 masculis
645 2149 818 2224 comparat.

286 2229 348 2290 Sed
383 2229 541 2292 sententia
577 2251 659 2310 quae
695 2232 745 2306 sit,
781 2231 957 2296 videamus.
993 2232 1145 2312 Regnum

196 2317 294 2379 lsrael
323 2317 390 2379 iam
417 2316 664 2381 disseminatum
691 2319 726 2382 in
756 2327 866 2400 gentes
895 2327 1061 2402 comparat
1091 2323 1143 2384 ab·

197 2407 333 2468 laetatae
356 2406 498 2488 puellae,
528 2409 580 2473 eui
603 2414 706 2470 mater
729 2429 795 2486 non
819 2410 958 2489 amplius
981 2411 1031 2472 lac
1055 2431 1143 2492 prae·

195 2497 261 2557 bet.
307 2497 391 2558 Nam
408 2496 492 2559 sieut
514 2517 633 2560 nomen
649 2497 799 2574 ostendit,
825 2498 893 2560 sine
913 2499 1143 2576 misericordia,

196 2585 258 2646 hoe
289 2591 350 2660 est,
389 2585 457 2646 sine
484 2586 696 2664 promissione
730 2586 941 2650 restitutionis
971 2588 1144 2668 corporalis

196 2673 356 2734 abiecerat
371 2672 450 2734 deus
467 2673 577 2736 decem
593 2675 696 2738 tribus
711 2669 843 2737 Israel²
875 2675 988 2756 Itaque
1004 2696 1144 2757 sequens

197 2760 355 2841 particula
377 2762 417 2822 de
446 2762 539 2824 tertio
562 2763 628 2825 filio
659 2765 799 2845 pertinet
828 2764 870 2825 ad
894 2765 1027 2826 domum
1051 2766 1144 2830 Iuda.

198 2851 246 2912 Ac
269 2855 352 2912 recte
368 2852 452 2930 Lyra
468 2871 540 2912 eam
555 2852 782 2933 interpretatur
805 2853 845 2914 de
860 2853 950 2915 finali
965 2854 1145 2918 abiectione

3 2913 33 3016 i,
73 3000 75 3003 ,
198 2956 394 3020 synagogae,
426 2945 458 3002 et
480 2940 628 3004 vastitate
652 2961 708 3022 per
731 2942 892 3004 Romanos
918 2942 1012 3004 faeta.
1061 2943 1146 3017 Quia

78 3085 81 3088 ,
199 3029 286 3090 enim
302 3029 504 3108 evangelium
519 3031 671 3110 amplecti
688 3030 800 3106 noluit,
825 3031 943 3093 abiecit
958 3051 1029 3092 eam
1053 3032 1144 3109 deus,

199 3137 258 3178 neo
288 3118 431 3198 pepercit
467 3118 517 3181 vel
544 3119 667 3198 templo
698 3120 748 3182 vel
775 3119 889 3196 cultui,
924 3119 1026 3200 pluris
1056 3123 1146 3184 enim

199 3205 277 3268 facit
292 3206 350 3267 filii
373 3206 423 3268 sui
439 3207 582 3285 gloriam,
608 3227 706 3287 quam
728 3208 784 3268 illa
807 3214 938 3270 externa
957 3209 1008 3271 sui
1031 3211 1146 3292 populi

200 3295 301 3373 dona,
332 3294 432 3374 pluris
463 3295 540 3356 facit
568 3296 677 3377 ipsum
705 3296 822 3372 filium,
859 3317 958 3377 quam
985 3300 1146 3380 populum

200 3383 449 3446 inobedientem.
1121 3468 1124 3470 q

289 3473 464 3553 Diligenter
491 3478 600 3534 autem
627 3474 732 3554 primo
763 3473 994 3538 consideranda
1022 3497 1142 3558 poenae

208 3663 211 3667 ’
292 3663 318 3729 1)
340 3662 402 3730 [sic]
423 3665 528 3730 Legae:
558 3665 688 3732 populus.
727 3666 754 3732 2)
775 3668 906 3733 Regnum
932 3668 1005 3722 Iuda
1031 3685 1134 3738 quoquc

201 3734 406 3801 perdendum·
546 3770 550 3781 .
