2575 4225
432 251 563 315 292
1098 249 1310 331 Caput
1354 257 1657 335 quartum

448 427 764 539 ²Hibuit
809 430 1089 513 populus
1132 428 1292 509 legis
1352 430 1561 493 cultus
1621 448 1771 493 suos
1787 479 1802 506 ,
1859 428 2191 494 institutos
2241 429 2333 493 ad

621 525 899 603 tempus,
948 526 1025 583 ut
1068 525 1237 583 esset
1282 518 1529 583 occasio
1561 518 1986 583 declarandae
2021 518 2328 605 obedien-

432 611 552 671 linc
634 628 785 690 erga
848 610 1045 673 deum
1116 608 1329 687 (erant
1388 607 1564 672 enim
1623 607 1936 673 divinitus
2001 608 2331 686 mandati)

432 711 492 755 1-1
540 707 611 760 ut
657 698 852 761 simul
897 698 1362 762 discerneretur
1424 698 1506 760 ab
1553 696 1696 761 aliis
1757 697 2059 777 gentibus
2075 746 2089 773 ,
2157 718 2331 778 quae

436 791 580 847 mul]
588 794 775 851 untur
821 789 1101 852 cultibus
1161 792 1276 849 aut
1331 807 1370 849 a
1429 807 1498 850 se
1543 786 1920 866 excogitatis
1939 836 1953 862 ‚
2013 793 2127 851 aut
2183 788 2331 851 sine

432 876 738 941 mundato
791 878 1008 958 aliquo
1068 875 1175 940 dei
1236 876 1497 940 aliunde
1553 869 1891 957 acceptis'
1991 875 2335 940 Praeterea.

432 975 611 1027 *aaut
656 987 916 1047 quoque
948 966 1257 1030 sacrificia
1302 966 1535 1029 veteris
1580 966 1808 1046 populi
1844 965 2105 1045 figurae,
2157 986 2332 1046 quae

432 1055 504 1115 ml
520 1062 852 1119 monerent
896 1056 1215 1138 populum
1261 1054 1342 1117 de
1390 1073 1538 1117 vero
1585 1060 1650 1117 et
1681 1060 1940 1117 aeterno
1987 1053 2326 1134 sacrificio,

432 1145 604 1223 quud
650 1166 765 1226 per
809 1146 1019 1208 filium
1064 1144 1169 1207 dei
1216 1139 1619 1207 offerendum
1666 1149 1820 1206 erat.
1917 1143 2059 1207 Etsi
2104 1150 2333 1208 autem

436 1233 606 1295 inter
640 1235 801 1297 haec
859 1254 1038 1298 sacra
1093 1238 1276 1296 erant
1295 1282 1310 1308 ‚
1396 1252 1561 1312 quae
1622 1232 1879 1313 proprie
1956 1232 2334 1297 dicerentur

432 1323 673 1385 hostiae
733 1344 849 1405 pro
895 1328 1175 1405 peceato,
1224 1327 1446 1385 tamen
1491 1322 1562 1383 in
1607 1340 1837 1400 genere
1882 1322 2102 1384 omnia
2146 1341 2336 1387 sacra

436 1412 836 1475 habebantur
880 1433 997 1494 pro
1043 1412 1219 1475 cultu
1266 1410 1392 1486 dei,
1441 1430 1518 1472 ac
1559 1410 1797 1473 licebat
1842 1430 1925 1473 ex
1967 1411 2106 1491 lege
2153 1413 2332 1475 vesei

436 1501 867 1564 ra1u=erdotibus
926 1500 1009 1564 iis
1064 1520 1231 1580 quae
1277 1499 1710 1563 offerebantur
1729 1548 1745 1575 ,
1805 1498 1973 1563 sicut
2017 1519 2100 1562 ex
2145 1500 2329 1584 Mose

440 1599 627 1667 putet.

609 1679 734 1742 Sed
796 1679 1005 1742 cultus
1066 1679 1138 1741 hi
1196 1690 1349 1741 non'
1396 1678 1768 1742 habuerunt
1826 1677 2331 1759 promissionem

440 1767 829 1831 rsmissionis
860 1775 1267 1850 peecatorum
1301 1787 1518 1830 coram
1548 1761 1727 1831 deo.⁸
1824 1767 1929 1830 Ad
1960 1788 2106 1831 eam
2145 1770 2330 1834 enim

440 1879 568 1919 rom
630 1858 758 1920 alia
803 1864 938 1921 erat
991 1855 1320 1939 proposita
1380 1855 1644 1938 victima
1664 1906 1678 1933 ‚
1739 1856 1909 1920 filius
1967 1857 2099 1934 dei,
2161 1857 2335 1923 sicut

436 1951 755 2010 lohannes
799 1947 945 2011 ideo
1011 1967 1162 2010 eum
1207 1948 1410 2009 vocat'
1440 1965 1680 2027 agnum
1726 1946 1863 2022 dei,
1927 1946 2051 2009 hoc
2097 1954 2225 2023 est,
2293 1969 2334 2012 a

436 2039 552 2095 slew]
627 2036 1053 2114 destinatum,
1137 2041 1213 2098 ut
1286 2036 1465 2098 fieret
1536 2034 1800 2098 victima
1868 2055 1983 2118 pro
2044 2038 2330 2117 peccatis

436 2124 681 2187 mundi.
774 2127 921 2188 Non
965 2126 1164 2206 igitur
1194 2125 1465 2189 damnat
1508 2126 1633 2188 hoc
1675 2125 1748 2186 in
1792 2125 1950 2201 loeo,
2003 2125 2183 2205 quod
2230 2147 2325 2190 sa·

436 2215 556 2272 *sris
588 2213 1007 2277 vescebantur
1049 2215 1425 2291 sacerdotes,
1476 2214 1590 2277 sed
1621 2213 1984 2277 doctrinam
2029 2213 2324 2294 damnat,

436 2332 444 2360 ι
456 2300 607 2380 wod
667 2301 984 2366 docebant
1039 2302 1143 2365 his
1208 2303 1523 2382 legalibus
1592 2303 1921 2387 sacrificiis
1988 2304 2330 2383 impetrari

436 2392 879 2455 remissionem
931 2397 1344 2474 peccatorum
1391 2397 1458 2455 et
1510 2392 1855 2456 iusticiam.
1949 2392 2092 2456 Hac
2143 2393 2328 2456 enim

432 2504 492 2560 m]
508 2484 734 2545 simone
766 2482 1151 2563 depravatus
1196 2482 1496 2563 populus,
1543 2482 1868 2544 liberalius
1900 2481 2326 2546 sacrificabat.

609 2570 787 2634 Sicut
830 2571 900 2632 in
946 2577 1191 2653 papatu
1237 2589 1496 2651 quoque
1552 2570 1800 2653 experti
1845 2589 2070 2634 sumus
2089 2621 2102 2647 ‚
2165 2591 2329 2638 nam

436 2658 654 2736 01111110
702 2658 917 2722 meriti
962 2665 1026 2722 et
1058 2659 1349 2722 iusticiae
1395 2678 1620 2723 omnes
1666 2659 1944 2723 divitum
1984 2661 2326 2732 thesauros

436 2746 778 2824 :qualiebat
871 2746 1059 2810 Nunc
1090 2767 1240 2810 cum
1287 2748 1551 2811 docetur
1587 2748 1877 2811 remissio
1909 2756 2328 2835 peccatorum

436 2844 488 2896 vt
532 2835 717 2912 salus,
767 2841 1023 2899 tantum
1069 2857 1185 2920 per
1213 2834 1414 2900 fidem
1456 2838 1529 2901 in
1561 2837 1888 2901 Christum
1927 2837 2323 2919 contingere,

436 2928 488 2984 ln
504 2944 600 2988 nia
648 2945 840 3006 opera
886 2933 1103 2990 autem
1151 2931 1462 3008 tanquam
1510 2927 1945 2990 obedientiam
1991 2925 2113 2990 deo
2144 2927 2324 2990 debi-

436 3020 564 3076 mm
612 3014 1067 3096 praestandam
1114 3036 1270 3093 esse,
1321 3036 1513 3079 nemo
1560 3021 1658 3079 est
1703 3017 1817 3096 qui
1862 3015 2080 3080 iuvare
2127 3018 2324 3080 eccle-

432 3104 613 3178 siam,
663 3103 1008 3181 ministrOS,
1053 3111 1136 3168 -et
1179 3123 1494 3187 pauperes
1539 3105 1710 3170 velit.
1803 3105 2010 3185 Igitur
2053 3103 2162 3169 hic
2208 3103 2323 3170 du-

436 3192 580 3268 plex
628 3197 965 3271 peccatum
1011 3193 1334 3256 concurrit
1351 3243 1365 3270 ,
1422 3193 1711 3279 primum
1755 3199 1820 3257 et
1863 3193 2327 3275 gravissimum

432 3288 528 3340 *fst-
560 3280 930 3360 depravatio
977 3281 1301 3345 doctrinae
1335 3302 1548 3358 sanae,
1599 3285 1870 3346 alterum
1900 3289 1999 3346 est
2020 3284 2320 3360 avaricia,

432 3392 596 3448 quae
642 3369 889 3432 occasio
936 3375 1032 3432 est
1077 3371 1524 3451 depravandae
1571 3370 1915 3435 doctrinae.
2200 3367 2207 3371 ’

608 3526 663 3592 1)
705 3525 910 3593 Cultus
935 3526 1092 3594 legis.
1167 3528 1222 3596 2)
1261 3526 1546 3589 Sacrifieia
1569 3527 1761 3594 legis*
1831 3528 1901 3604 3)
1925 3528 2058 3584 Una
2082 3530 2250 3588 victit

436 3615 536 3664 pro
572 3598 838 3665 peccatis,
877 3599 1031 3652 filius
1069 3599 1178 3652 dei.

608 3739 660 3806 ⁸⁸¹)
700 3740 877 3796 Deest
912 3741 974 3795 in
1011 3741 1135 3797 coll.
1173 3742 1312 3795 Ien:
