2575 4225
198 233 260 295 118
513 230 618 311 Caput
639 227 815 310 septimum

194 431 251 492 per
273 410 399 484 oseam,
423 427 551 470 rursum
574 406 616 469 ad
643 405 731 468 idola
752 405 951 487 pertrahunt,
975 406 1033 486 qui
1048 408 1134 488 prin·

194 499 320 580 cipibus
344 503 376 560 et
398 496 517 578 populo
537 494 774 578 persuadebant
788 494 883 574 longe
899 494 1010 558 abesse
1025 515 1135 576 regem

194 585 408 667 Assyriorum,
431 586 519 666 ipsos
533 585 653 647 habere
668 582 845 665 propitium
861 582 959 646 deum
974 589 1136 648 alvorum

195 676 264 737 eius
287 675 419 749 cultum,
444 680 542 753 alque
551 673 598 735 ita
620 691 716 734 omne
737 672 871 735 verbum
885 672 983 735 huius
998 673 1134 754 prophe·

195 769 246 826 tae
269 763 396 825 irritum
418 762 552 825 faciunt.
597 761 638 824 In
654 780 708 823 eos
724 781 798 841 ergo
813 761 971 843 propheta
986 761 1134 826 similitu·

195 850 271 913 dine
299 850 463 914 invehitur
490 850 531 913 de
559 849 689 912 fornace
723 856 755 912 et
788 849 907 932 pistore
941 849 999 930 qui
1032 850 1136 932 pinsit

194 959 322 1021 panem.
369 939 469 1014 Quasi
492 938 626 1001 diceret:
651 938 718 1001 Vos
734 937 1032 1020 pseudoprophetae
1048 959 1135 1003 aver·

194 1028 261 1091 litis
284 1028 442 1110 populum
464 1034 497 1090 et
518 1025 673 1089 inducitis
697 1027 738 1088 ad
753 1027 869 1089 falsam
886 1046 986 1108 spem,
1011 1027 1135 1092 similes

195 1117 283 1180 erilis
306 1117 437 1193 farinae,
462 1136 562 1195 quam
584 1115 757 1178 fermentat
779 1115 880 1196 pistor
899 1134 940 1178 ao
963 1123 1136 1198 praeparat

194 1207 367 1281 fornacem,
392 1205 539 1268 accendit
560 1224 635 1267 eum
658 1209 691 1267 ei
712 1204 815 1284 pinsit
833 1221 961 1286 panem,
986 1205 1044 1267 ubi
1066 1206 1135 1268 ia'm
1224 1254 1227 1255 ν

194 1300 325 1376 paratus
348 1295 437 1358 venit
457 1313 515 1356 rex
536 1293 741 1374 Assyriorum
764 1299 797 1356 cl
819 1292 959 1356 eomedit
977 1313 1062 1370 oum,
1087 1295 1136 1358 ita

194 1390 227 1445 et
249 1402 305 1445 vos
329 1402 401 1445 esca
424 1381 511 1445 eritis
533 1382 606 1462 regi
623 1381 837 1462 Assyriorum.

468 1542 510 1605 Et
532 1541 584 1604 fur
606 1541 768 1622 ingressus
791 1548 849 1605 esi.
907 1601 912 1609 .

290 1671 368 1712 uvur
396 1647 530 1728 quidam
552 1647 592 1711 de
615 1647 819 1724 adversariis,
849 1648 907 1728 qui
935 1649 1018 1711 olam
1042 1655 1075 1712 et
1097 1650 1135 1712 in

261 1738 384 1800 occulto
407 1736 551 1818 rapiunt:
581 1737 708 1800 videtur
730 1743 840 1800 tamen
862 1737 1067 1800 referendum
1091 1738 1135 1801 ad

194 1826 291 1889 falsos
307 1825 462 1903 doctores,
486 1825 543 1906 qui
566 1831 738 1906 operantur
752 1825 959 1888 mendacium
974 1826 1054 1889 dum
1075 1846 1136 1909 per

192 1915 320 1977 infinita
335 1915 504 1978 mendacia
526 1914 674 1976 furantur
696 1921 729 1977 el
750 1915 895 1997 rapiunt,
920 1927 952 1978 et
975 1936 1008 1978 se
1031 1921 1134 1978 trans-

193 2004 334 2083 figurant
355 2004 391 2066 in
414 2005 565 2084 angelum
587 2003 677 2080 lucis,
706 2003 930 2084 ingrediuntur
960 2004 1135 2085 splendida

193 2093 309 2174 specie,
334 2099 366 2156 et
388 2093 530 2174 primum
553 2092 726 2157 obscurant
748 2093 857 2170 eorda,
890 2093 1006 2157 deinde
1036 2094 1132 2157 inier-

194 2180 315 2243 fioiunt.
363 2179 450 2247 &ono
477 2179 536 2247 sos
566 2180 661 2264 lineos
683 2183 738 2248 osb
761 2180 847 2248 nibet
868 2180 964 2265 linui.
1011 2184 1133 2246 Furen-

193 2274 246 2330 tur
268 2268 303 2331 in
325 2269 437 2347 domo,
469 2277 560 2334 extra
586 2271 829 2349 latrocinantur,
858 2272 893 2334 id
922 2278 986 2348 est,
1017 2277 1135 2335 ourani

193 2358 311 2420 auferri
333 2366 439 2423 vestra
460 2359 556 2423 bona,

417 2520 537 2582 Omnes
560 2519 776 2583 adulterantes
799 2520 901 2601 quasi.

273 2619 365 2683 nuvs¹
393 2626 509 2687 fornax
531 2632 580 2689 est
595 2646 767 2691 succensus
783 2648 802 2690 a
816 2628 946 2709 pistore,
971 2634 1003 2691 et
1017 2634 1132 2709 parata

249 2713 370 2791 pascha
385 2712 427 2774 ad
449 2713 656 2795 pinsendum.
703 2716 763 2778 Est
785 2716 963 2780 similitudo
978 2716 1131 2781 adulterii

192 2818 311 2861 eorum.
357 2801 441 2863 Nam
462 2802 558 2883 impii
580 2802 723 2868 doctores
747 2805 947 2868 succendunt
968 2806 1056 2868 huno
1076 2806 1130 2869 eli·
1171 2800 1184 2830 '

190 2886 327 2965 benum,
351 2889 386 2951 id
409 2895 472 2966 est,
496 2892 704 2956 inflammant
725 2913 779 2956 eor
801 2894 929 2975 populi,
953 2900 991 2957 ui
1014 2894 1129 2958 adhae-

504 3140 647 3205 Cessavit
669 3141 815 3205 excitare.

191 2984 282 3041 reanl
304 2978 472 3043 mendacio
496 2985 608 3043 contra
629 2982 830 3063 prophetam.

188 3238 369 3352 Somnum
395 3252 458 3308 est:
483 3244 557 3351 {Boo
578 3247 627 3313 ber
650 3247 725 3331 offen
746 3264 797 3331 3¹1⁰
820 3247 905 3314 benit
918 3247 964 3333 lits
985 3249 1038 3315 boc
1060 3248 1128 3331 noo

244 3330 1131 3419 mmmwmmwwmmn

188 3417 244 3497 [lili
283 3419 329 3501 his
370 3438 409 3488 oo
442 3436 577 3506 morceis
615 3425 668 3491 oen
701 3425 791 3507 mont
827 3442 897 3492 utun
930 3427 994 3491 brot
1026 3427 1129 3507 boton

189 3507 367 3575 Translalio
405 3512 484 3576 facit
524 3514 696 3577 obscurum
737 3522 872 3579 textum.
934 3517 1014 3579 Vult
1052 3536 1129 3598 crgo

278 3700 305 3767 1)
326 3700 473 3759 Clibanus.
