2575 4225
31 15 52 70 μ’,
75 40 107 61 ’.υ
113 21 137 58 '¹¹’
146 9 245 82 {¹152ss

45 79 55 98 K

88 314 92 321 κ
225 259 290 324 462
474 258 578 340 Caput
600 257 732 320 tertium
755 255 917 318 decimum

268 437 337 512 lis,
368 442 406 498 et
428 435 615 498 lacerabo
644 436 890 499 obstinatum
920 451 985 496 cor
1013 452 1172 509 eorum,

269 524 550 604 devoraboque
584 545 646 588 eos
680 524 736 587 ibi
770 523 883 604 quasi
917 522 994 598 leo,
1025 522 1173 596 ¹bestia
1245 533 1247 538 '

268 615 354 693 agri
376 613 547 694 diripiet
569 634 647 678 eos.

223 789 313 900 Hm
342 796 419 854 sunt
440 789 578 870 tragicae
600 791 736 870 figurae,
760 790 880 870 quibus
906 789 1170 870 magnitudinem

296 887 461 944 secuturae
483 899 606 961 poenae
629 879 789 944 describit.
841 873 975 942 ¹Leonis
998 879 1118 941 ferocia
1135 885 1171 941 et

225 971 345 1034 invicta
366 971 467 1032 virtus
489 975 567 1031 nota
589 976 648 1032 est.
698 963 812 1032 ²Pardi
835 967 876 1030 ad
899 967 1054 1030 ferociam
1069 967 1170 1030 etiam

225 1066 334 1122 astum
355 1059 496 1134 addunt,
526 1077 604 1120 nam
625 1063 664 1120 ut
685 1057 836 1120 historiae
860 1056 994 1133 docent,
1023 1056 1060 1118 in
1082 1057 1168 1118 fron-

225 1149 312 1212 dosis
335 1146 713 1223 arboribuscoueidunt,
737 1152 775 1208 ut
796 1147 943 1208 incautos
966 1146 1106 1209 viatores
1133 1150 1169 1207 et

224 1239 307 1298 nihil
341 1258 382 1299 ex
416 1238 477 1298 alio
511 1241 707 1312 metuentes
746 1236 941 1316 opprimant.
994 1228 1054 1296 ³In
1092 1254 1168 1298 urso

225 1346 353 1405 quoque
370 1327 546 1389 celebratur
561 1325 705 1387 studium
722 1331 753 1387 et
768 1345 858 1386 amor
873 1325 909 1386 in
920 1325 1045 1387 foetum
1058 1343 1167 1399 suum.

315 1414 377 1477 Sed
400 1435 456 1476 cur
478 1415 680 1492 singulariter
695 1414 798 1476 cordis
814 1413 964 1476 meminit
977 1413 1167 1476 lacerandi}>

224 1504 367 1583 Respicit
411 1503 567 1583 propheta
611 1503 653 1564 ad
698 1504 894 1584 pertinacem
939 1507 1166 1583 contemptum

224 1585 343 1654 verbi.⁴
391 1592 475 1653 Nam
498 1610 573 1652 cum
595 1592 770 1672 prophetae
795 1612 835 1653 ex
857 1587 1011 1654 mandato
1035 1591 1089 1653 dei
1112 1611 1167 1672 po

224 1682 340 1762 pulum
363 1686 553 1743 conarentur
576 1700 722 1743 revocare
745 1682 780 1742 in
803 1681 904 1758 viam,
928 1701 995 1744 non
1019 1681 1166 1743 admitte

224 1772 305 1833 bant
327 1770 398 1852 pias
422 1764 668 1833 admonitiones.
715 1771 808 1832 Nunc
832 1777 940 1832 autem
956 1770 1021 1847 fiet,
1046 1769 1166 1850 inquit,

224 1867 262 1922 ut
284 1860 380 1922 corda
401 1866 506 1922 vestra
527 1860 684 1921 hactenus
707 1859 748 1920 ad
772 1861 906 1923 verbum
936 1859 1060 1934 clausa,
1094 1875 1165 1939 ape

224 1950 348 2012 riantur
374 1949 465 2010 duris
492 1948 729 2010 calamitatibus
756 1954 794 2011 ut
823 1955 856 2010 et
888 1949 1070 2028 agnoscatis
1106 1965 1165 2012 vos

224 2039 355 2100 meritas
377 2037 544 2100 idolatriae
567 2057 688 2120 poenas
711 2037 801 2115 dare,
831 2043 864 2100 et
884 2037 1004 2099 frustra
1032 2036 1163 2099 circum·

224 2128 366 2207 spiciatis
393 2128 433 2189 de
463 2128 597 2204 auxilio,
633 2148 708 2190 cum
738 2128 875 2209 praedae
906 2126 993 2190 eritis
1020 2126 1164 2207 Assyria,

224 2222 380 2295 tanquam
402 2216 488 2278 leoni
510 2217 668 2279 famelico

268 2393 497 2457 Perdidisti
520 2399 558 2455 te
573 2394 714 2470 Israel,
739 2392 869 2456 sedin
891 2412 949 2454 me
973 2398 1032 2455 est
1056 2392 1166 2455 auxi·

268 2484 366 2545 lium
389 2490 510 2547 tuum.

269 2665 344 2721 acte
377 2661 456 2720 haec
490 2679 565 2720 curn
599 2659 817 2739 superioribus
851 2659 1032 2722 cohaerent.
1080 2660 1169 2733 Quia

288 2748 391 2823 enim,
423 2753 581 2827 utsupra
604 2767 733 2827 quoque
756 2748 840 2824 dixi,
872 2748 953 2811 ratio
977 2748 1163 2823 offenditur,
1274 2774 1276 2823 l

17 2826 42 2907 {f
130 2830 134 2835 ’
222 2857 258 2899 ac
280 2835 403 2899 iudicat
425 2836 583 2917 populum
604 2836 693 2899 hunc
709 2837 821 2900 durius
837 2836 947 2917 affligi,
972 2855 1073 2917 quam
1090 2858 1164 2899 con·

19 2923 25 2931 ⁴
221 2928 329 2989 veniat
351 2926 490 2989 bonitati
512 2924 582 3002 dei,
614 2925 687 2989 ideo
710 2928 790 2988 haec
813 2926 906 3006 quasi
928 2926 1093 2987 excusatio
1116 2926 1165 2987 in·
1275 2988 1276 2995 ,

221 3017 333 3079 stituta
356 3021 413 3078 est.
460 3016 511 3077 Sic
534 3016 623 3077 enim
645 3016 725 3077 dicit
748 3014 913 3079 dominus:
948 3015 995 3076 In
1017 3034 1078 3075 me
1104 3020 1167 3077 est

221 3104 423 3166 auxilium
451 3109 575 3181 tuum,
606 3106 669 3167 hoc
700 3109 762 3180 est,
795 3104 890 3183 cupio
917 3108 950 3167 te
977 3102 1164 3180 defendere,

219 3200 252 3255 te
275 3212 414 3269 servare,
443 3199 475 3255 te
498 3194 689 3273 gubernare,
718 3212 759 3255 ne
783 3192 861 3272 quid
882 3192 1017 3273 patiaris
1040 3192 1162 3255 incom-

219 3282 317 3344 modi.
364 3282 435 3345 Hoc
465 3283 553 3344 enim
580 3302 653 3346 vere
687 3287 736 3346 est
768 3282 866 3343 deum
897 3298 979 3344 esse.
1027 3280 1091 3343 Sed
1125 3287 1165 3343 ut

63 3412 70 3451 -5
218 3374 280 3436 hoc
304 3372 386 3434 serio
409 3377 579 3435 conantem
602 3373 706 3434 lacere
721 3369 858 3450 impedis
874 3390 932 3453 per
944 3376 1080 3452 peccata
1093 3377 1147 3433 tua

69 3453 101 3540 ³³.-
119 3498 123 3501 ·
219 3462 296 3539 quia
318 3461 406 3523 enim
428 3460 555 3524 nullum
577 3462 751 3542 impiorum
775 3459 921 3522 cultuum
944 3465 976 3521 et
992 3458 1146 3521 idolatria

91 3558 121 3624 *ᾗ
218 3550 318 3611 finem
340 3545 429 3626 facis,
454 3550 534 3630 quid
557 3549 644 3613 aliud
668 3548 794 3625 faciam,
819 3567 918 3627 quam
941 3553 978 3610 ut
1000 3553 1032 3610 te
1055 3549 1146 3629 perir

309 3740 334 3805 1)
353 3741 418 3794 Leo.
456 3742 484 3809 2)
508 3742 626 3796 Pardus.
663 3741 691 3809 3)
717 3742 816 3796 Ursus.
853 3740 882 3811 4)
905 3743 1076 3795 Laceratum
1103 3757 1139 3795 co.
