2575 4225
905 287 1157 349 Hoseae
1202 288 1572 369 prophetae.
1836 274 1841 276 ἡ
2049 292 2081 352 :5
2093 292 2125 352 ΕΞ
2141 292 2165 352 1

471 465 561 526 At
616 463 696 526 de
751 465 1235 545 hypocritarum
1296 466 1580 528 oratione
1641 466 1754 545 qui
1815 466 2173 528 doctrinam

292 551 448 615 fidei
492 552 808 615 abiiciunt
822 603 836 630 ‚
894 559 960 617 et
1014 553 1314 617 nituntur
1359 555 1492 618 suis
1538 555 1812 618 iusticiis
1826 605 1839 631 ,
1903 556 2061 616 diuit-
2105 560 2173 616 in

294 641 590 723 septime,
639 641 816 722 quod
862 644 948 705 sit
991 642 1219 705 foedus
1247 643 1552 720 ululatus,
1603 664 1730 723 quo
1762 644 2177 708 offendmtur

294 750 481 794 aures
540 731 663 794 dei.
758 731 943 794 Tales
1004 737 1158 794 sunt
1209 732 1405 794 hodie
1471 733 1875 814 papistarum
1921 736 2173 808 Missae,

294 821 492 883 horae
538 820 901 897 canonicae,
951 821 1288 883 conciones
1336 828 1401 885 et
1445 822 1556 884 alii
1601 823 1830 885 cultus.

476 909 562 970 Et
604 909 675 971 in
721 909 951 989 quinto
983 909 1165 973 dicit:
1217 910 1382 972 Cum
1427 910 1728 991 gregibus
1760 916 1825 974 et
1869 916 2173 972 mvn-ntis

296 996 431 1060 suis
460 997 667 1074 ibunt,
712 1004 788 1060 ut
816 1004 1129 1078 quaerant
1159 999 1518 1077 dominum,
1568 1006 1633 1063 et
1661 1020 1795 1062 non
1823 1000 2173 1076 invenis-nt,

296 1086 613 1149 subduxit
669 1087 845 1148 enim
892 1108 959 1150 se
1015 1088 1097 1149 ab
1144 1088 1254 1150 eis.
1349 1089 1551 1152 Docet
1610 1089 1785 1151 enim
1831 1092 1997 1168 quos]
2065 1092 2177 1168 ,μή

294 1175 732 1257 poenitentiae
777 1181 1034 1258 tempus
1081 1177 1436 1257 negligunt,
1492 1184 1558 1240 et
1599 1178 1670 1239 in
1714 1180 1989 1259 peccatis
2046 1200 2173 1260 per-

298 1270 493 1346 gunt,
542 1284 785 1344 poenas
830 1266 1010 1327 nulla
1051 1267 1299 1328 ratione
1345 1266 1596 1347 possint
1641 1268 1933 1347 effugere:¹
1985 1268 2173 1344 siqui*

297 1352 450 1416 dem
495 1353 654 1415 deus
701 1373 808 1416 eos
854 1375 988 1417 non
1034 1354 1234 1417 audit.

476 1441 580 1504 Sic
635 1443 706 1504 in
762 1449 985 1507 octavo
1033 1443 1217 1521 dicit,
1277 1443 1475 1506 deum
1521 1443 1832 1507 sacrificia
1886 1444 1929 1505 h
1937 1467 1973 1524 :f
1981 1448 2173 1524 lma-ri-

296 1537 511 1595 tarum
543 1530 773 1594 odisse.
842 1533 1125 1596 Imolant
1166 1533 1412 1596 hostias
1456 1533 1528 1596 in
1558 1532 1949 1596 oblationem
1997 1536 2173 1608 mihi,

296 1639 463 1700 quae
524 1619 692 1682 nihil
748 1621 875 1683 nisi
933 1641 1077 1684 caro
1139 1628 1320 1698 sunt,
1382 1642 1580 1701 quam
1625 1622 2005 1692 comedunt*
2069 1624 2181 1684 scal

297 1705 562 1772 domino
608 1729 741 1772 non
787 1710 1060 1790 placent.
1154 1711 1300 1772 Hoc
1344 1711 1521 1772 enim
1565 1712 1801 1792 placet,
1861 1712 2029 1790 qur-nl
2081 1732 2177 1772 511⁴

297 1817 416 1880 pra
459 1798 530 1859 in
560 1804 742 1861 sexto
780 1797 970 1863 dixit:
1021 1799 1529 1867 Misericordiam
1559 1800 1703 1863 volo
1734 1799 1949 1881 potius
1985 1824 1994 1856 ι
2005 1820 2181 1876 luam

298 1887 701 1950 sacrificium.

477 1976 656 2038 Haec
684 1975 967 2056 insignia
1010 1977 1183 2040 dona
1228 1997 1380 2040 cum
1407 1977 1646 2039 habeat
1685 1976 1965 2052 ecclesia
2017 2008 2025 2032 a
2041 2000 2181 2056 pum

298 2084 434 2129 non
491 2064 721 2128 nititur
766 2085 884 2128 sua
928 2066 1211 2145 iusticia,
1261 2065 1376 2130 sed
1419 2065 1860 2129 misericordia
1904 2068 2001 2129 dei
2097 2080 2177 2129 ta-

297 2174 454 2226 men
498 2153 657 2217 dicit
686 2174 831 2217 eam
874 2156 945 2218 in
990 2156 1151 2219 valle
1181 2157 1398 2219 Achor
1443 2175 1600 2233 esse,
1646 2156 1771 2219 hoc
1812 2161 1925 2233 est*
1977 2157 2181 2233 affligi

298 2243 501 2319 varie,
560 2243 728 2305 sicut
786 2243 932 2307 ideo
978 2266 1123 2308 eam
1182 2245 1253 2309 in
1314 2244 1794 2325 decimoquarto
1854 2257 2185 2325 comparar-

301 2331 569 2414 pupillo.

480 2422 560 2482 In
605 2422 794 2484 tertio
826 2422 1033 2505 capite
1079 2421 1356 2502 insignis
1387 2428 1484 2487 est
1513 2421 1853 2503 prophetia
1899 2421 1977 2481 de
2013 2421 2181 2481 illu-i*

303 2515 431 2586 stc,
504 2515 569 2572 et
625 2511 1069 2573 testimonium
1085 2561 1099 2588 ‚
1174 2510 1349 2591 quod
1406 2530 1592 2576 verus
1650 2510 1808 2573 deus
1875 2509 1973 2572 sit,
2081 2509 2181 2569 Sir.

303 2598 481 2660 enim
512 2597 699 2662 dicit:
744 2600 977 2662 -Postea
1010 2604 1462 2663 convertentur
1491 2599 1609 2661 fih'i
1636 2599 1853 2675 Israel,
1903 2605 1965 2661 ct
1997 2621 2181 2677 quam

300 2692 447 2750 rent
490 2687 828 2751 dominum
859 2688 1055 2751 deum
1100 2708 1313 2766 suum,
1361 2694 1428 2751 et
1455 2687 1665 2751 David
1709 2707 1925 2768 regem
1973 2709 2181 2761 suum,

302 2781 369 2838 et
412 2777 870 2840 reverebuntur
908 2777 1249 2841 dominum
1297 2782 1362 2839 et
1405 2778 1764 2840 bonitatem
1811 2776 1965 2838 eius.
2065 2777 2181 2837 'Uo-

302 2870 407 2927 cat
452 2864 626 2927 enim
672 2865 998 2929 Christum
1044 2866 1281 2942 David,
1341 2866 1507 2928 sicut
1551 2865 1845 2927 Ezechiel
1890 2884 1977 2926 ca.
2037 2861 2169 2925 :24st

305 2952 473 3026 Quia
509 2954 684 3015 enim
713 2954 889 3016 idem
936 2955 1145 3017 cultus
1176 2953 1410 3017 Davidi
1455 2959 1521 3016 et
1549 2953 1815 3016 domino
1860 2953 2181 3025 tribuitur,

303 3042 611 3122 sequitur,
665 3042 980 3106 Davidem
1023 3043 1199 3106 hunc
1246 3059 1383 3105 esse
1429 3044 1660 3105 natura
1703 3040 1917 3116 deum,
1969 3061 2181 3101 sccun-

305 3130 464 3193 dum
511 3131 924 3194 sententiam:
985 3132 1273 3195 Gloriam
1318 3151 1535 3193 meam
1591 3129 1774 3193 alteri
1817 3149 1949 3191 non
1997 3133 2181 3189 datm.

481 3220 562 3281 In
622 3226 803 3282 sexto
862 3226 928 3283 et
974 3220 1418 3284 tertiodecimo
1478 3225 1631 3283 sunt
1691 3220 1862 3281 clara
1904 3221 2181 3279 testium-

305 3307 415 3369 nia
474 3309 953 3372 resurrectionis
1025 3315 1456 3385 mortuorum,
1528 3307 1833 3371 dominus
1883 3306 2189 3369 lat⁴1³³1²ffi=st

304 3416 423 3459 nos
470 3401 535 3459 et
579 3397 837 3460 sanabit
880 3418 998 3460 nos
1016 3448 1030 3475 ‚
1091 3398 1407 3478 percussit
1452 3402 1516 3459 et
1570 3395 1933 3458 medebitur
1981 3397 2181 3469 rufifl-*iffi

304 3485 656 3548 vivificabit
714 3506 832 3549 nos
889 3491 1040 3567 post
1091 3486 1368 3549 biduum
1383 3535 1397 3562 ‚
1468 3486 1539 3546 in
1594 3484 1700 3547 die
1745 3482 1933 3546 tertio
2001 3485 2189 3545 saciet

316 3594 425 3636 nos
455 3593 800 3654 resurgere,
849 3581 914 3640 et
943 3575 1233 3640 vivemus
1272 3579 1423 3637 ante
1455 3574 1689 3636 faciem
1734 3572 1891 3648 eius,
1941 3583 1997 3633 el
2037 3573 2181 3633 scic-

487 3765 542 3835 1)
580 3767 783 3822 Ezech.
820 3766 907 3821 34.
