2575 4225
449 250 575 326 Hoseae
598 258 783 342 prophetae.
1013 258 1087 347 ,337

234 439 342 518 Atque
364 437 427 501 hoc
448 437 617 520 proprium
638 438 797 519 evangelii
818 436 1015 503 beneficium
1029 444 1088 505 est

141 530 230 592 Nam
258 528 313 589 lex
339 526 501 602 adhibita,
529 527 590 590 hos
618 533 753 591 tenores
781 532 911 591 tantum
938 534 1035 608 auget
1057 534 1090 593 et

145 615 324 698 amplificat
353 622 533 697 peccatum.
577 616 709 690 Quanta
736 615 836 696 igitur
862 615 991 686 illorum
1021 636 1089 698 per·

145 705 281 770 versitas
303 708 362 781 est,
386 704 444 784 qui
465 708 591 771 mentes
606 710 781 786 conspectu
796 710 1003 786 peccatorum
1019 725 1088 769 suo·

145 814 221 859 rum
248 794 393 869 territas,
424 812 492 856 non
521 793 564 857 ad
590 793 651 855 has
682 793 838 874 refrigerii
867 812 968 875 aquas
991 793 1089 859 dedu·

143 889 240 959 cunt,
271 881 330 944 sed
350 882 466 945 iubent
487 881 530 944 ad
551 881 714 963 praesidia
743 902 878 963 operum
907 882 1088 964 confugere,

144 979 180 1034 et
201 970 238 1057 in
259 971 340 1051 legis
362 969 509 1033 doctrina
530 970 754 1049 acquiescam?
775 968 823 1033 Hi
844 970 1014 1035 afflictioni
1036 972 1089 1037 ad-

144 1059 232 1123 dunt
254 1058 476 1135 afflictionem,
500 1065 533 1121 et
550 1078 623 1122 vere
638 1059 723 1122 sicut
737 1058 899 1141 Aegyptii,
923 1058 1090 1140 duplicant

147 1143 291 1211 lateres¹
333 1148 407 1210 Non
430 1148 518 1209 enim
541 1168 599 1229 per
621 1166 719 1229 opera
732 1148 823 1227 legis,
848 1146 904 1210 sed
920 1148 1091 1228 perfidem

147 1237 184 1301 in
207 1236 372 1299 Christum
394 1242 444 1299 est
465 1230 622 1299 iusticia.²
672 1237 715 1299 Et
737 1256 805 1299 non
826 1237 893 1312 lex,
917 1236 975 1300 sed
998 1256 1089 1301 evan·

148 1325 269 1405 galium
293 1330 343 1388 est
363 1326 510 1406 potentia
531 1324 585 1388 dei
608 1324 651 1387 ad
674 1325 812 1387 salutem
831 1324 922 1387 omni
937 1324 1090 1389 credenti.

147 1414 217 1477 Has
240 1414 418 1477 sententias
440 1413 513 1493 quis
535 1413 663 1477 dubitet
677 1413 814 1476 Paulum
832 1434 873 1475 ex
887 1412 940 1477 his
956 1414 1090 1496 prophe·

147 1507 255 1566 tarum
278 1502 486 1567 concionibus
508 1502 655 1565 hausisse
663 1503 687 1565 ir
752 1528 756 1537 ’

192 1662 416 1743 Propterea
442 1660 574 1726 dolavi
603 1680 673 1742 per
701 1661 930 1743 prophetas,
962 1660 1092 1726 occidi

193 1770 257 1813 eos
291 1770 357 1832 per
389 1750 507 1814 verba
540 1749 619 1813 oris
648 1750 739 1826 mei,
775 1754 812 1831 et
840 1749 994 1813 iudicia
1023 1756 1093 1813 tua

192 1839 267 1901 lux
290 1838 513 1919 egrediens.

192 1980 408 2062 rophetarum
429 1980 601 2044 lectionem
622 1978 713 2043 haud
736 1979 799 2041 alia
820 1999 871 2043 res
888 1979 967 2043 facit
982 1980 1092 2043 obscu·

210 2070 342 2147 riorem3
373 2089 473 2150 quam
495 2068 585 2150 quod
605 2074 736 2132 tantum
758 2068 884 2150 aliquas
906 2074 999 2134 notas
1023 2086 1091 2136 sua·

147 2179 225 2222 rum
258 2159 450 2222 concionum
484 2165 688 2240 proponunt,
727 2163 823 2238 atque
856 2157 930 2221 ideo
965 2158 1093 2240 saepius

148 2248 298 2330 abruptis
320 2248 565 2313 transitionibus
587 2253 738 2324 utuntur,
767 2247 827 2310 has
850 2247 908 2328 qui
931 2268 997 2312 non
1024 2247 1092 2310 dili·

150 2343 263 2417 genter
286 2337 465 2414 observant,
489 2356 543 2399 eos
567 2336 636 2400 falli
658 2355 788 2400 necasse
811 2342 869 2399 est.
915 2337 1027 2416 Neque
1050 2335 1093 2398 ad

150 2445 225 2490 eam
248 2425 473 2504 grammatices
495 2425 696 2504 cognitione,
728 2423 785 2490 scd
806 2424 930 2486 lumine
960 2423 1093 2505 spiritus

149 2534 234 2596 opus
262 2520 320 2579 est.
366 2514 480 2593 Itaque
507 2512 618 2576 videas
648 2512 786 2593 passim,
817 2531 901 2592 quae
928 2510 968 2575 de
994 2531 1093 2592 regno

149 2601 273 2666 Christi
295 2601 383 2665 dicta
405 2608 491 2678 sunt,
514 2601 682 2665 transferri
704 2599 746 2663 ad
768 2605 909 2665 veterem
925 2601 1093 2682 populum.

147 2691 244 2754 Sicut
265 2690 301 2752 in
323 2690 471 2770 proximo
492 2709 588 2754 versu
602 2709 715 2752 omnes
731 2689 922 2771 interpretes
938 2690 1093 2766 fecerunt,

147 2799 227 2846 cum
250 2784 361 2843 tamen
375 2778 430 2842 ·de
457 2798 556 2859 regno
579 2778 699 2842 Christi
727 2780 877 2842 locutum
901 2779 1094 2860 prophetam

13 2889 14 2902 ¹
146 2873 287 2932 constet.
333 2868 577 2947 Nonnunquam
602 2886 686 2946 quae
717 2867 757 2930 de
786 2868 948 2947 praesenti
974 2867 1094 2948 populo

153 2957 361 3032 dictasunt,
390 2957 432 3019 ab
459 2956 597 3018 incautis
625 2955 864 3018 transferuntur
892 2954 934 3016 ad
965 2959 1095 3036 tempus

149 3046 230 3111 novi
251 3045 447 3110 testamenti.

151 3144 165 3201 J
243 3133 413 3196 Eiusmodi
435 3134 574 3216 abrupta
594 3132 783 3196 transitione
805 3131 859 3194 hic
882 3150 1010 3212 quoque
1025 3152 1094 3213 pro·

150 3224 254 3304 pheta
276 3228 325 3285 est
346 3242 440 3298 usus,
463 3243 540 3284 nam
562 3241 715 3304 praesens
737 3221 826 3284 locus
849 3241 917 3284 non
939 3220 981 3282 ad
1004 3239 1094 3301 supe·

153 3312 239 3377 riora
266 3311 421 3392 pertinet,
450 3311 507 3374 sed
534 3310 576 3373 ad
604 3310 764 3391 populum
791 3314 1007 3392 praesentem,
1043 3309 1097 3372 cui

151 3400 406 3464 concionabatur
419 3402 537 3464 Hosea.
583 3401 657 3462 Non
680 3406 789 3464 tamen
812 3398 960 3464 cohaeret
974 3398 1095 3478 inepte.

246 3576 273 3637 1)
291 3574 384 3628 Exod.
403 3574 428 3627 6.
465 3571 493 3640 2)
511 3573 592 3627 Rom.
613 3572 654 3626 1.*

246 3735 272 3802 ⁸)
290 3736 326 3788 In
344 3734 406 3788 coll.
425 3735 498 3788 Ien.:
518 3734 599 3787 Rom.
618 3732 644 3787 3.

197 3832 284 3872 Lnthert
297 3843 346 3882 opp.
360 3835 444 3881 exeret.
470 3829 519 3872 Vol.
533 3830 610 3872 mv.
