2575 4225
222 288 288 354 sel
552 290 658 371 Caput
680 294 830 353 octavum

221 451 324 580 *Nou
352 466 495 548 loquitur
522 466 563 530 de
592 466 747 531 electione
776 464 875 547 regis,
907 483 990 546 quae
1019 462 1168 547 legitima
1271 458 1273 545 f

307 562 369 633 θεῖ,
394 556 452 618 sed
473 556 515 618 de
538 555 721 620 foederibus
744 574 820 620 cum
842 556 970 635 regibus
993 560 1027 617 ct
1048 555 1167 637 princi·
1271 562 1273 573 ’

221 646 334 727 pibus,
366 644 450 708 sicut
476 663 574 726 supra
600 643 685 709 dixit
712 645 753 708 de
782 644 914 726 Assyrio
941 650 974 707 θῖ
1003 645 1169 727 Aegyptio
1271 648 1273 713 ξ

222 734 331 799 ascito.
377 734 461 797 Nam
482 733 544 797 etsi
566 753 625 815 per
647 734 840 798 seditionem
859 733 983 816 primus
998 732 1167 796 Ierobea'm
1272 716 1273 763 ss

223 842 281 887 rex
303 828 509 899 essaenos,
533 828 644 885 tamen
667 824 838 903 diligenter
859 821 1046 904 inspicienti
1068 822 1167 885 histo⁴

222 912 305 973 riam
326 918 470 993 apparet,
493 930 631 992 regnum
646 913 745 975 Israel
766 912 923 977 divinitus
938 911 1167 992 approbatum.

222 1002 296 1064 Non
318 1000 417 1081 igitur
439 1001 480 1063 dc
502 1002 703 1065 successione
725 1002 761 1063 in
783 1020 892 1081 regno,
917 1000 973 1064 sed
996 999 1037 1063 de
1061 999 1167 1063 foede·
1272 1014 1274 1045 1

212 1090 313 1153 'ribus
340 1107 415 1153 cum
445 1089 595 1170 gentibus
625 1091 776 1171 loquitur.
822 1091 900 1153 ideo
929 1088 1022 1152 addit
1049 1086 1113 1166 ‚Ve'
1135 1089 1170 1151 lc
1273 1092 1274 1095 ’

223 1180 393 1242 mimenni‘
422 1180 494 1242 sine
527 1198 580 1242 ms
613 1177 676 1243 hoc
710 1180 852 1255 iaciunt,
887 1178 1012 1241 abiecta
1046 1178 1178 1241 scilicet·

224 1269 357 1346 fiducia,
394 1288 493 1348 quam
525 1267 566 1331 de
593 1287 645 1330 me
674 1267 836 1331 debebant
863 1268 1000 1331 retmere
1026 1267 1167 1330 firmam.
1273 1288 1275 1347 ς

225 1357 276 1418 Sic
303 1376 337 1419 se
368 1357 531 1420 nesciente
561 1355 642 1419 dicit
671 1357 825 1421 constitui
858 1356 1030 1439 principes.
1077 1354 1171 1419 Hace
1274 1378 1275 1387 ¹

226 1450 275 1507 est
296 1446 403 1525 prima
424 1444 577 1508 discessio
599 1464 620 1506 a
640 1445 736 1509 bono.
768 1462 774 1468 ·
1274 1492 1276 1515 a

229 1586 232 1589 ,
314 1534 425 1600 Altera
446 1539 511 1609 est,
541 1533 628 1613 quod
652 1554 693 1596 ex
716 1554 794 1597 auro
821 1540 854 1597 et
883 1538 1014 1614 argento
1043 1531 1171 1597 iaciunt
1274 1536 1276 1575 l

227 1620 327 1698 idola,
357 1623 420 1685 hcc
442 1627 504 1698 θεῖ,
533 1622 681 1687 tribuunt
704 1643 782 1687 auro
804 1629 837 1686 et
859 1628 990 1703 argento
1018 1620 1169 1686 divium

226 1711 391 1787 honorem,
416 1711 499 1773 sicut
521 1711 557 1773 in
579 1718 701 1793 papatu
722 1732 851 1793 quoque
867 1712 979 1788 solent,
1003 1711 1170 1774 cunrado

227 1806 300 1863 rant
327 1800 475 1865 divorum
508 1806 640 1864 statuae.
692 1802 764 1866 Hoc
798 1801 963 1864 idolatriae
997 1806 1169 1882 peccatum

227 1889 373 1969 sequitur
395 1888 568 1951 excidium.

271 2029 409 2140 Erecit
431 2033 605 2103 vitulum
628 2038 752 2109 tuum,
777 2053 795 2096 ο
819 2029 1008 2107 Samaria,
1032 2029 1170 2093 incan·
1276 2080 1277 2083 η

335 2121 425 2185 duit
447 2122 559 2186 furor
581 2117 692 2186 meus
715 2123 755 2186 in
778 2142 862 2199 eos,
886 2126 1174 2203 nonpoterunt

272 2214 466 2289 perpetuo
489 2211 727 2276 innocentes
752 2231 844 2274 esse.
1063 2207 1066 2214 ’

227 2327 262 2366 **
306 2332 453 2396 xcidium
475 2334 619 2398 minatus
642 2341 703 2411 θεῖ,
736 2355 823 2398 nunc
845 2334 961 2417 repetit
987 2340 1171 2414 peccatum,

325 2421 395 2484 fieri
409 2421 444 2484 id
466 2428 597 2506 propter
619 2425 839 2488 adorationem
862 2431 894 2487 θῖ
917 2421 1039 2486 cultum
1063 2421 1170 2486 vituli.
1277 2469 1278 2472 η

227 2508 341 2590 Itaque
352 2532 420 2575 non
431 2511 540 2594 inepte
554 2512 694 2593 ‚Eglech‘
710 2532 767 2594 pro
783 2511 983 2576 nominativo
999 2511 1169 2593 accipitur.
1277 2519 1278 2522 ’

114 2637 119 2647 ·
229 2600 358 2661 Vitulus
381 2606 456 2662 tuus
480 2602 574 2664 eiecit
595 2608 642 2677 te,
672 2602 734 2664 hoe
764 2607 821 2678 est,
851 2601 999 2665 idolatria
1027 2606 1076 2663 est
1106 2599 1171 2662 tibi

228 2704 325 2748 causa
348 2687 448 2749 exitii.
494 2689 568 2750 Non
590 2691 678 2751 enim
698 2694 804 2771 potest
819 2710 892 2753 earn
907 2689 988 2752 farre
1004 2687 1170 2751 dominus.

228 2773 322 2846 Quod
345 2774 515 2852 vertimus,
540 2797 606 2839 non
629 2783 781 2857 poterunt
802 2784 957 2861 perpetuo
979 2778 1172 2840 innocentes

227 2880 306 2939 esse,
320 2861 365 2925 ‘in
388 2862 512 2927 Ebraeo
536 2870 593 2942 θεῖ,
617 2884 720 2946 usque
744 2888 808 2947 quo
832 2888 898 2931 non
921 2870 1056 2949 possunt
1076 2864 1176 2928 inno·
1277 2865 1278 2870 ’

227 2952 376 3015 centiam.
406 2951 446 3015 Id
459 2953 589 3017 brevius
606 2958 638 3017 et
654 2955 820 3019 obscurius
835 2956 959 3020 dictum
975 2961 1032 3031 est,
1050 2953 1107 3017 sed
1122 2975 1171 3017 re·

226 3059 302 3104 vera
312 3041 396 3104 nihil
408 3041 496 3104 aliud
508 3043 681 3123 significat,
696 3064 794 3124 quam
807 3045 835 3108 si
844 3045 945 3108 dicas:
959 3043 1042 3106 Sunt
1053 3059 1170 3107 nocen-

225 3135 284 3205 tes,
308 3130 381 3193 ideo
404 3151 471 3193 non
493 3138 649 3214 perpetuo
673 3132 776 3197 ferent
798 3133 933 3215 impune
948 3137 1081 3215 peccata
1098 3146 1170 3196 sua:
1277 3225 1278 3228 Ἴ

319 3274 380 3318 nm
402 3273 451 3316 ex
472 3255 601 3318 Israel
623 3262 682 3320 est
704 3257 867 3322 vitulus
890 3259 987 3333 iste,
1016 3255 1172 3319 artifex

337 3342 437 3406 fecit
460 3363 557 3421 eum,
587 3364 716 3425 neque
740 3352 799 3409 θεῖ
827 3346 923 3410 deus
951 3347 1044 3421 iste,
1076 3343 1167 3407 ide*

269 3431 311 3494 in
356 3433 507 3495 frustra
551 3434 848 3498 comminuetur
901 3433 1057 3500 vitulus
1104 3431 1149 3496 Sa

49 3568 62 3606 s
110 3588 112 3591 ,
228 3521 426 3584 ‘mariae

314 3693 340 3760 ⁸)
358 3694 394 3747 In
412 3711 501 3762 marg.
521 3695 583 3750 coll.
603 3697 677 3752 Ien.:
705 3697 845 3765 Loquitur
864 3697 900 3752 de
918 3695 1083 3752 foederibus
1102 3713 1142 3752 ca:

222 3763 367 3829 gentibus.
405 3765 446 3835 ⁸⁸)
465 3767 501 3819 In
518 3783 606 3835 marg.
626 3769 689 3823 coll.
710 3769 785 3824 Ien:
805 3768 943 3824 Idolatria
960 3767 1063 3838 perdit.
