2575 4225
208 259 272 322 236
526 256 631 339 Caput
654 256 832 321 seeundum

207 436 280 542 piis,
303 436 407 500 nubes
429 442 670 518 rumperentur,
694 441 728 499 et
748 435 914 519 deplueret
936 433 1039 540 panis,
1064 434 1151 503 siout

207 530 243 590 in
270 520 425 590 deserto.1
474 526 585 589 Habet
612 526 701 587 enim
730 526 863 589 eeolesia
890 524 1154 607 promissionem,
1281 560 1283 615 ι

208 616 369 691 futurum,
404 621 442 678 ut
470 615 497 678 si
526 616 670 717 primum
700 622 833 695 quaerat
859 634 1005 717 regpum
1029 612 1150 677 deit
1117 619 1150 676 et

1279 98 1283 237 ι

1280 402 1283 559 ι

208 704 370 767 iusticiam
386 704 464 780 eius,
489 704 600 767 omnia
614 704 644 765 ei
667 704 813 767 affluant.
854 703 920 767 Scit
906 704 1030 767 tenim
1057 708 1149 785 pater
1236 705 1245 719 “
1281 694 1283 769 i

208 800 317 856 noster
346 792 505 869 eoelestis,
536 792 654 873 quibus
681 793 865 857 habeamus
887 812 986 873 opus,
1018 812 1078 855 neo
1103 792 1154 855 ita-
1177 803 1180 809 '
1281 786 1283 845 i

209 881 309 944 durus
331 888 390 958 est,
425 888 463 945 ut
484 841 551 944 lilio
573 881 751 961 postulanti
773 902 892 963 panem
913 881 1058 962 lapidem
1080 901 1152 987 por

210 968 295 1050 rigat
316 976 409 1033 eto.

300 1059 362 1123 Sed
391 1059 444 1121 his
474 1057 743 1140 promissionibus
773 1060 915 1123 mundus
943 1079 1009 1122 non
1039 1056 1150 1122 eredit

209 1149 325 1250 Itaque
359 1147 443 1212 siout
475 1148 667 1211 inobediens
700 1148 798 1212 Israel
831 1141 963 1230 respicit
995 1147 1037 1211 ad
1072 1148 1153 1211 ollas

211 1238 367 1314 earnium,
391 1237 438 1300 ita
459 1237 607 1301 videmus
630 1256 742 1304 omnes
765 1237 931 1317 indulgere
954 1236 1038 1301 euris
1052 1236 1153 1301 huius

212 1326 319 1403 seeuli,
344 1332 377 1388 et
398 1343 466 1389 non
488 1347 581 1408 spem
604 1324 661 1389 sed
683 1346 760 1408 opes
783 1331 817 1390 et
831 1326 1010 1407 potentiam
1026 1324 1152 1389 sectari.

213 1414 326 1494 ltaque
352 1414 562 1478 meminerint
587 1415 649 1496 pii,
681 1416 927 1496 relinquendam
954 1417 1154 1497 Aegyptum,

214 1508 247 1565 οι
268 1502 506 1583 expectandum
528 1504 687 1567 auxilium
709 1524 751 1566 ex
773 1505 877 1569 coelis.

303 1592 450 1654 Fortasse
473 1592 636 1655 desertum
659 1593 757 1657 etiam
779 1614 818 1657 eo
835 1592 1070 1659 accommodari
1086 1600 1155 1675 pot·

214 1686 272 1756 est,
296 1680 384 1759 quod
406 1679 520 1761 politia
542 1688 575 1745 et
596 1683 702 1745 nultus
721 1682 879 1745 mosaicus
895 1683 1000 1747 desiit.
1039 1684 1155 1761 Itaque

214 1770 356 1832 intuenti
401 1770 437 1831 in
481 1770 648 1834 eeclesiam
693 1770 857 1833 desertum
902 1791 971 1835 esse
1015 1769 1154 1834 videtin.

215 1858 348 1922 Sublata
369 1860 458 1921 enim
480 1858 669 1923 discrimina
692 1864 777 1935 sunt,
802 1878 884 1938 quae
906 1859 943 1921 in
964 1858 1034 1939 lege
1053 1866 1155 1936 erant,

215 1966 439 2028 personarum,
468 1954 652 2029 temporum
680 1952 712 2012 et
738 1968 860 2023 rerum,
897 1967 934 2009 ao
957 1948 1158 2011 oonoeditur

190 2037 296 2099 ,liber
317 2056 396 2099 usus
418 2037 567 2103 omnium
589 2057 707 2116 rerum,
732 2037 761 2100 si
784 2056 859 2099 oum
882 2036 1058 2118 gratiarum
1082 2038 1157 2099 'aeti-
1281 2060 1283 2085 ι

216 2144 278 2187 one
305 2132 337 2188 et
368 2126 437 2188 sine
468 2127 618 2190 seandalo
645 2127 686 2191 iis
720 2127 875 2191 fruamur.
922 2127 1011 2200 Quae
1047 2133 1158 2192 autem

215 2213 343 2293 proprie
372 2213 523 2276 eeclesiae
557 2222 649 2292 sunt,
666 2233 667 2236 ’
685 2236 816 2298 nempe,
851 2215 1068 2279 ministerium
1105 2215 1159 2278 do·

216 2301 325 2378 cendi,
354 2302 536 2383 baptismus
559 2309 592 2367 et
614 2323 715 2367 eoena
736 2304 877 2407 domini,
908 2305 992 2369 levia
1015 2325 1086 2368 esse
1113 2306 1159 2371 vi·

216 2349 346 2468 dentur,
382 2397 415 2455 οι
448 2413 515 2458 non
548 2393 661 2473 magni
693 2395 860 2460 momenti.
907 2393 969 2456 Sed
1004 2395 1062 2473 qui
1097 2395 1160 2457 hos

216 2481 310 2560 quasi
332 2441 537 2545 absconditos
559 2483 726 2546 thesauros
749 2483 841 2559 eruit,
818 2484 955 2546 tm
975 2483 1082 2546 luoem
1096 2484 1158 2546 οοι·

216 2568 316 2718 ιιιιιι,
346 2569 436 2632 videt
457 2587 525 2641 non
548 2591 616 2663 esse
625 2572 807 2640 eeclesiam
830 2533 992 2634 ‹lesertum
1016 2571 1074 2670 sed
1105 2592 1159 2653 pa

218 2677 234 2716 r
277 2677 362 2719 rsum
385 2664 445 2720 eto.

216 2830 352 2942 Esraea
373 2834 501 2916 phrasis
524 2842 573 2899 est
588 2837 749 2913 ‚Dibarthi
772 2837 803 2900 al
824 2836 900 2900 libo‘
925 2836 1040 2916 quoin
1059 2837 1161 2900 simili

280 2921 432 2986 oonoione
456 2922 568 2987 Esaias
591 2946 720 3007 quoque
742 2926 846 2988 utitur
873 2927 978 3006 eapite
1002 2927 1056 2989 40.
1100 2927 1160 2990 Lo·

217 3012 357 3091 quimini
384 3013 426 3075 ad
456 3033 513 3084 eor¹
530 3015 715 3078 Ierusalem.
762 3011 945 3094 Significat*
975 3020 1086 3077 autem
1111 3015 1162 3078 sio

194 3172 197 3178 ¹
217 3101 418 3164 familiariter
439 3109 473 3166 et
495 3103 604 3174 amice=
619 3104 719 3184 loqui,
743 3110 781 3167 ut
803 3123 857 3166 oor
879 3123 945 3166 non
968 3103 1072 3184 possit
1093 3123 1161 3166 non
1281 3131 1283 3182 3

219 3188 372 3268 gaudere,
404 3195 437 3253 et
465 3191 593 3272 impleri
623 3198 709 3254 certa
738 3191 856 3255 fiducia
884 3186 1157 3256 ιιιιιοιιοιοιιιιιο.2

218 3278 362 3360 Respicit
387 3286 497 3342 autem
527 3281 685 3361 propheta
716 3281 770 3350 hie
805 3289 932 3361 quoque
968 3281 1014 3344 ad.
1043 3280 1161 3345 veteris

217 3367 332 3449 populi
354 3368 550 3449 exemplum.
597 3368 679 3431 (lum
702 3369 910 3434 eodominus
925 3369 961 3431 in
974 3369 1103 3434 deserto
1119 3369 1155 3432 ad
1282 3451 1283 3454 Ἴ

310 3577 337 3644 1)
356 3579 460 3633 Matth.
479 3578 504 3632 6.
542 3577 571 3648 2)
587 3578 654 3633 Vox
672 3541 719 3634 dei
736 3579 769 3633 in
787 3595 862 3635 novo
879 3580 1062 3633 testamento.

309 3736 335 3804 ’)
353 3737 389 3790 In
407 3754 495 3804 marg.
514 3740 575 3795 coll}
594 3741 670 3797 len:
689 3739 792 3796 Esaiae
811 3739 847 3792 40
