2575 4225
427 250 554 315 Hoseae
576 251 762 333 prophetae.
1004 255 1069 318 255

123 445 264 510 sponsae
298 447 374 491 suae
401 426 548 493 Christus
576 426 688 504 donat,
723 424 902 493 iusticiam¹
937 432 1067 511 scilicet,

123 538 189 581 non
212 536 301 593 eam,
332 536 432 597 quam
461 516 605 588 mundus
631 524 725 581 vocat
752 517 924 597 iusticiam,
957 526 989 584 et
1013 521 1067 584 lex

14 645 15 694 3
123 625 252 686 quoque
280 604 387 682 docet,
423 606 503 686 quia
529 605 617 669 enim
638 606 738 669 iudex
764 607 869 671 iustus
892 613 956 685 est,
992 609 1067 673 ideo

14 706 16 778 ς
122 695 228 759 furem
250 694 367 774 laqueo
389 693 554 771 interficit,
578 695 737 758 iatronem
759 700 843 773 rota,
867 696 1066 761 homicidam

14 781 26 843 t.
122 784 238 864 gladio.
285 783 349 845 Sed
370 783 455 846 hano
477 782 640 845 iusticiam
663 784 767 861 fures,
791 786 940 862 latrones,
964 788 1065 850 homi·

14 875 16 949 ξ
122 873 211 935 cidae
227 872 382 936 oderunt.
430 871 517 935 Talis
539 892 606 934 non
629 878 678 937 est
699 873 837 950 iusticia,
861 872 901 937 de
924 894 990 954 qua
1011 876 1066 939 hic

14 962 16 1033 ἑ
120 959 265 1041 loquitur
279 960 447 1042 propheta,
463 959 521 1023 sed
536 966 586 1024 eat
596 961 735 1039 iusticia,
752 982 817 1043 qua
831 981 889 1043 per
901 963 1065 1027 Christum

121 1048 346 1117 condonantur
367 1042 530 1130 peccata.²

209 1139 301 1202 Siout
322 1137 490 1201 Zacharias
518 1155 648 1217 quoque
679 1139 861 1204 consolatur
886 1142 1063 1219 ecclesiam,

14 1218 26 1296 ε’
119 1245 194 1289 oum
221 1220 335 1290 dioitz³
384 1227 467 1289 Ecce
486 1246 544 1289 rex
565 1232 641 1290 tuus
659 1228 749 1291 venit
770 1228 892 1305 iustus,
920 1230 982 1294 hoc
1004 1239 1065 1309 est,

14 1345 15 1361 1
118 1318 256 1382 afferens
283 1315 326 1379 ad
348 1321 530 1396 peccatoms
557 1315 729 1379 iusticiam.
776 1318 829 1381 Ad
856 1318 945 1383 huno
975 1321 1065 1383 enim

117 1406 255 1469 modum
282 1404 401 1468 Paulus
436 1404 630 1468 vocabulum
660 1405 807 1469 iusticias
836 1408 977 1488 explicat
1004 1410 1062 1473 Ro·

117 1514 204 1557 man.
226 1487 277 1557 3.4
326 1494 474 1556 Declarat
495 1492 575 1556 deus
597 1493 761 1557 iusticiam
784 1515 877 1559 suam
899 1496 962 1559 hoc
984 1503 1062 1560 tem-

116 1603 204 1663 pore,
229 1588 269 1645 ut
290 1582 361 1664 ipse
383 1582 426 1646 sit
447 1582 552 1645 iustus
576 1588 609 1645 et
629 1583 808 1646 iustificans
824 1604 909 1662 eum,
934 1585 991 1665 qui
1014 1594 1064 1651 est

117 1691 157 1733 ex
180 1672 246 1734 fide
276 1672 313 1733 in
334 1672 484 1747 ihesum,
512 1671 660 1747 honest,
690 1692 781 1749 eum,
811 1673 869 1752 qui
896 1675 997 1737 credit
1026 1676 1062 1738 in
1108 1708 1111 1717 ·

115 1760 260 1824 Ihesum.
292 1760 344 1837 Sic
365 1760 489 1822 iustum
504 1758 602 1822 deum
625 1765 806 1841 peccatores
830 1762 1061 1841 confugiunt,

14 1914 16 1931 ‚
116 1850 172 1911 sed
196 1850 282 1911 ultro
305 1855 486 1928 sequuntur
507 1867 596 1924 eum,
625 1848 692 1912 imo
714 1848 785 1929 ipse
813 1849 893 1913 deus
916 1849 1000 1913 ultro
1026 1872 1062 1915 se

76 1972 85 1976 ’
116 1938 161 2000 eis
186 1939 292 2013 offert,
316 1943 349 2000 et
371 1937 555 2000 consolatur
577 1956 641 1999 eos.
897 1936 903 1948 “

205 2027 336 2091 Novum
350 2026 449 2105 igitur
470 2026 543 2101 hoc,
567 2031 600 2088 et
621 2026 717 2105 longe
739 2025 903 2091 diversum
927 2030 1062 2092 aveteri

114 2116 245 2180 foedere
268 2115 383 2178 foedus
406 2121 464 2178 est.
509 2116 594 2177 Nam
622 2116 676 2177 lex
698 2116 851 2197 proponit
873 2117 984 2196 deum,
1013 2118 1060 2181 in·

113 2210 298 2268 tentantem
313 2224 434 2285 poenas
452 2204 683 2286 peccatoribus,
708 2210 742 2268 at
755 2225 865 2269 revera
887 2206 967 2270 deus
987 2209 1062 2272 talis

113 2301 162 2357 est
185 2300 280 2357 extra
303 2293 475 2357 Christum.
522 2292 585 2355 Sed
607 2293 643 2357 in
667 2293 793 2357 Christo
816 2300 865 2358 est
887 2296 1001 2372 iustus,
1026 2298 1060 2359 id

113 2390 176 2460 est,
209 2381 390 2445 iustificans
411 2383 566 2464 impium,
595 2383 782 2446 condonans
805 2391 945 2463 peccata,
974 2405 1061 2464 prae-

112 2472 236 2534 teriens
258 2477 404 2552 peccata,
435 2473 518 2534 sicut
545 2471 670 2533 Michas
701 2472 860 2551 loquitur,
898 2479 930 2535 et
959 2493 997 2534 ea
1024 2474 1062 2536 in

22 2603 27 2627 ³
111 2561 250 2640 abyssos
272 2561 372 2622 maris
394 2560 592 2640 demergens.

206 2642 378 2711 ⁵Seeunda
392 2669 489 2711 causa
504 2655 561 2725 est,
579 2647 666 2728 quod
682 2648 776 2711 dicit:
801 2649 1012 2731 Desponsabo
1027 2657 1062 2714 te

110 2740 194 2801 mihi
218 2739 256 2800 in
271 2737 391 2800 iudicio
414 2738 467 2814 ‚Be
483 2738 623 2818 mispat‘.
670 2739 760 2800 Haeo
776 2739 918 2803 secunda
932 2760 1061 2820 gemma

110 2827 273 2891 maritalis
289 2826 402 2888 annuli
418 2832 475 2902 est,
489 2846 555 2906 qua
570 2826 716 2889 Christus
729 2827 896 2890 ecclesiam
908 2847 1001 2891 suam
1013 2850 1058 2892 or·

110 2922 176 2993 nat,
193 2915 366 2988 iudicium,
383 2914 471 2995 quod
486 2915 608 2978 scilicet
621 2915 691 2979 vult
705 2915 804 2977 iudex
819 2911 917 2979 εεεε.6
947 2917 1061 2996 Neque

108 3006 163 3068 hie
178 3003 432 3084 intelligendum
447 3007 496 3066 est
509 3003 677 3080 iudicium,
695 3004 782 3084 quod
798 3003 1000 3067 formidabile
1017 3005 1063 3068 sit

109 3095 182 3174 piis,
196 3092 485 3168 sedestiudicium,
499 3092 586 3171 quod
597 3092 644 3173 pii
651 3093 787 3155 summis
798 3093 1059 3175 votisexoptant,

109 3190 145 3247 ut
160 3189 194 3246 et
206 3181 362 3246 ecciesiae
378 3201 453 3244 suae
469 3181 554 3244 adsit
569 3181 659 3258 deus,
677 3187 708 3244 et
719 3180 896 3245 vindictam
912 3190 1060 3246 exerceat

109 3273 144 3333 in
158 3273 275 3335 hostes
290 3271 389 3346 verbi,
407 3271 491 3333 sicut
504 3271 616 3334 Petrus
632 3270 725 3347 dicit,
748 3271 777 3332 2.
794 3271 861 3334 Pet.
879 3264 927 3332 2ss
963 3271 1061 3336 Novit

201 3447 231 3514 1)
252 3445 396 3500 Iusticia!
417 3444 736 3514 2)1usticiaeeelesiae
758 3444 859 3514 qualis.
884 3443 913 3513 3)
934 3444 1018 3498 Zach.
1032 3444 1059 3500 9.

152 3520 265 3643 {toga
284 3517 313 3640 ΡΞ.
351 3516 379 3585 5)
403 3516 428 3570 2.
457 3517 484 3584 6)
505 3517 649 3570 Iudicium
667 3520 766 3570 contra
784 3516 888 3584 impios
915 3515 1054 3584 propiis.

200 3704 233 3800 ·)¹
250 3730 341 3785 Deest
358 3730 389 3784 sn
408 3731 470 3784 0011.
490 3730 549 3784 ren.
