2575 4225
164 355 167 360 ,
210 282 276 348 506
462 284 567 366 Caput
588 287 741 364 quartum
764 281 926 347 decimum

304 457 480 536 11111111111111
502 466 566 537 111,
598 458 686 540 quod
716 459 849 524 eeclesia
875 465 1032 540 tanquam
1061 463 1156 528 arbor

210 551 309 614 etiam
345 551 495 613 umbram
534 548 626 612 dabit
665 549 808 629 fatigatis
845 549 881 612 in
922 555 1022 614 aestu.
1081 553 1155 616 Hoc

210 660 284 703 vero
307 639 467 720 singulare
497 644 530 701 et
551 638 711 701 excellens
734 636 857 700 donum
879 643 943 714 est,
973 639 1063 718 quod
1086 641 1156 704 sola

209 728 343 792 ecclesia
364 728 464 791 habet
493 728 745 791 consolationem
771 745 880 790 veram
910 733 1022 793 contra
1044 749 1154 810 peeca-

209 824 281 880 tum
304 823 337 880 11
350 823 497 893 mortem,
522 824 555 881 et
576 835 689 878 omnes
707 814 843 878 Satanae
866 821 1008 878 conatus.
1049 818 1156 897 Igitur

208 906 245 968 in
268 925 316 984 ea,
339 912 496 986 tanquam
520 907 581 969 sub
604 905 715 967 arbore
732 905 893 980 umbrosa,
917 903 1155 985 acquiescimus

208 999 242 1058 et
264 996 473 1076 respiramus,
503 1015 581 1058 nam
603 992 738 1059 verbum
763 993 943 1070 ,Iaschubu‘
968 1001 1154 1058 converten-

209 1089 277 1160 tur,
306 1085 459 1151 hocloco
482 1082 707 1165 accipiendum
730 1087 779 1145 est
800 1083 885 1146 siout
910 1082 945 1144 in
967 1083 1049 1145 Psal.
1078 1079 1150 1148 19.8

208 1172 277 1234 Lex
299 1172 425 1236 domini
441 1172 649 1236 immaculata
673 1170 863 1248 ,Meschibas
879 1171 1055 1252 naphesoh‘
1081 1193 1154 1238 con·

208 1268 335 1324 vertens
350 1263 484 1339 ammas,
500 1262 563 1324 hoc
577 1267 635 1338 est,
652 1279 806 1336 recreans,
826 1260 1016 1323 refocillans.
1064 1261 1156 1326 Siout

208 1350 390 1429 germanice
413 1369 541 1430 quoque
571 1350 712 1413 solemus
733 1348 837 1429 loqui:
885 1345 929 1414 Cr
950 1347 984 1430 tp
1010 1347 1156 1432 1111111311

208 1437 258 1516 1111
288 1437 398 1503 tomen.
443 1439 541 1500 Item:
577 1436 621 1503 (hc
647 1435 716 1502 teret
745 1436 848 1515 111111,
877 1456 952 1500 oum
975 1439 1157 1512 exanimati

133 1549 139 1560 ·
208 1527 376 1606 respirant.
423 1526 506 1588 Nam
529 1528 591 1588 hoc
620 1525 711 1590 verbi
737 1526 905 1608 proprium
932 1531 996 1603 est,
1032 1527 1155 1608 erigere

209 1614 344 1690 animos,
369 1620 402 1676 et
417 1614 583 1677 ostendere
606 1613 642 1676 in
661 1614 737 1695 ipsa
755 1615 931 1678 tentatione
955 1621 987 1678 et
1001 1616 1156 1697 periculis

208 1722 301 1783 spem
322 1702 519 1767 liberationis
543 1709 576 1767 et
597 1701 765 1780 auxilium,
789 1703 873 1766 sicut
886 1703 1032 1767 Psalmus
1054 1705 1155 1785 paulo

207 1797 283 1873 post
312 1793 427 1855 clarius
462 1791 555 1856 dicit:
592 1791 747 1854 Mandata
774 1791 899 1856 domini
932 1799 1032 1870 recta,
1063 1793 1154 1858 laeti·

208 1881 339 1943 ficantia
360 1901 423 1945 cor.

298 1969 529 2051 Compleotitur
561 1969 661 2050 igitur
694 1967 826 2051 spiritus
857 1975 986 2033 sanctus
1019 1971 1083 2034 hoo
1115 1970 1156 2035 in

207 2056 278 2122 loco
301 2079 367 2123 non
390 2059 495 2123 solum
511 2059 656 2135 verbum,
681 2056 737 2122 sed
761 2058 859 2121 etiam
882 2057 1022 2122 visibilia
1044 2065 1078 2124 et
1100 2079 1153 2125 ex·

207 2152 299 2209 terna
333 2149 440 2227 signa,
483 2148 684 2229 baptismum
718 2153 751 2210 et
784 2167 919 2211 coenam
952 2148 1095 2225 domini,
1133 2170 1155 2211 a

208 2234 335 2298 Christo
357 2236 519 2313 instituta,
547 2243 585 2301 ut
606 2258 665 2319 per
687 2257 725 2299 ea
747 2235 999 2300 consolationem
1020 2237 1153 2301 habere·

82 2324 86 2329 ’
206 2342 281 2390 mus
304 2330 415 2388 contra
437 2330 615 2407 peccatum,
639 2332 777 2389 mortem
800 2330 840 2387 et«
855 2324 1016 2389 Satanam.
1064 2328 1153 2390 Nam

207 2412 296 2492 quod
317 2414 498 2495 baptisaris,
522 2414 557 2477 id
581 2434 618 2477 eo
638 2416 684 2490 fit,
709 2418 748 2477 ut
769 2414 879 2477 credas
902 2418 934 2476 te
957 2434 1015 2496 per
1030 2414 1154 2480 Christi

207 2508 346 2564 mortem
377 2503 566 2585 adoptatum
596 2522 615 2564 a
642 2502 703 2567 deo
731 2504 767 2565 in
789 2502 909 2580 filium,
942 2522 1018 2565 oum
1040 2510 1153 2567 autem

206 2598 409 2656 sacrosancta
430 2611 530 2655 coena
552 2591 691 2668 utimur,
716 2612 783 2655 non
809 2592 914 2654 solum
937 2591 1152 2657 admonemur

135 2738 139 2745 ,
205 2679 403 2741 remissionis
426 2686 630 2759 peccatorum
659 2699 717 2760 per
739 2679 857 2744 Christi
883 2685 1021 2743 mortem
1043 2682 1151 2761 aequi·
1264 2752 1268 2757 ,

206 2765 296 2839 sitae,
321 2766 378 2827 sed
392 2766 502 2846 ipsum
524 2768 678 2849 precium,
703 2787 769 2848 quo
783 2772 988 2850 peccatorum
1002 2769 1151 2835 remissio

205 2858 318 2934 empta
340 2859 404 2931 est,
433 2875 551 2936 nempe
573 2875 688 2938 corpus
712 2856 831 2921 Christi
861 2858 955 2921 datur
981 2857 1077 2921 nobis
1101 2879 1150 2922 co·

205 2941 419 3021 medendum,
451 2950 484 3008 et
506 2946 637 3025 sanguis
659 2946 837 3022 bibendus,
862 2951 900 3009 ut
921 2952 1006 3009 certo
1030 2952 1149 3011 statua·

205 3050 279 3093 mus
310 3031 352 3093 ad
391 3054 451 3096 nos
483 3035 707 3098 remissionem
740 3039 944 3117 peccatorum
977 3036 1148 3115 pertinere.
1271 3061 1277 3076 ·

204 3119 270 3181 Hic
291 3120 399 3199 igitur,
423 3128 580 3202 tanquam
603 3124 639 3185 in
656 3123 780 3199 umbra,
806 3123 1014 3203 acquiescunt
1035 3125 1148 3202 animi,
1273 3186 1279 3203 „

205 3214 296 3273 metu
324 3209 390 3272 irae
423 3210 476 3273 dci
503 3215 536 3273 11
567 3217 770 3275 aeternarum
804 3231 982 3294 poenarum
1001 3220 1150 3295 -propter

205 3303 374 3378 peecatum
397 3300 497 3361 anxii.

298 3380 451 3451 ³Sextum
479 3393 544 3465 est,
575 3388 665 3469 quod
692 3390 854 3452 frumento
883 3388 1022 3454 aluntur.
1084 3391 1149 3454 Hic
1272 3443 1277 3453 .

204 3493 333 3556 quoque
366 3476 513 3540 doctrina
546 3483 579 3541 et
611 3478 747 3542 verbum
781 3476 1041 3555 commendatur,
1082 3499 1148 3559 quo

295 3684 322 3751 1>
346 3686 457 3742 Umbra
479 3686 623 3743 ecclesiae.
679 3686 706 3754 2)
733 3687 807 3741 Psal.
836 3687 876 3741 19.
932 3689 961 3757 3)
988 3690 1136 3745 Frument
1258 3644 1279 3759 ,Ι

204 3759 366 3822 pascentur.
