2575 4225
206 287 271 350 358
524 283 628 367 Caput
651 282 827 364 septimum

293 464 383 525 Haec
397 466 530 543 peccata
548 460 585 523 in
600 462 750 541 sequenti
764 459 890 544 epilogo
905 467 1146 537 commemorat,
1272 480 1276 515 4

205 560 237 617 et
258 552 402 615 minatm
423 550 509 627 fore,
536 555 575 613 ut
596 556 728 632 propter
750 568 789 613 ea
810 555 984 613 vastentur.
1032 550 1147 631 Itaque
1274 576 1276 585 ¹

204 642 366 705 discamus
388 658 448 703 nos
476 658 515 703 sa
536 651 662 716 cavere,
694 638 823 703 illorum
849 639 998 720 exemplo
1020 639 1146 703 moniti.

204 730 322 792 Sumus
349 748 408 792 nos
439 746 569 809 quoque
595 728 708 792 miseri
737 734 928 809 peccatores.
975 726 1040 792 Sed
1068 728 1148 793 haec

204 818 328 900 primae
362 817 491 881 tabulae
521 822 655 900 peccata
687 817 740 881 dei
773 816 929 881 beneficio
963 818 1147 897 effugimus,

204 906 284 969 dum
307 911 340 969 et
355 905 460 969 cultus
475 926 565 972 veros
588 912 621 970 et
635 926 749 969 sanam
764 905 944 971 doctrinam
959 905 1147 969 retinemus.
1274 966 1276 983 ἔ

203 996 318 1076 Itaque
346 1014 420 1077 spes
443 994 555 1059 veniae
577 995 672 1059 nobis
693 995 818 1075 reliqna
847 1001 904 1059 est.
951 994 1016 1068 oui
1038 1000 1149 1057 autem
1274 1002 1276 1015 '

205 1105 281 1150 cum
318 1082 421 1166 impia
457 1083 604 1147 docuina
642 1083 762 1167 impios
796 1084 901 1147 cultus
935 1084 1147 1163 coniungunt,

205 1174 289 1236 sicut
311 1172 484 1238 adversarii
506 1173 623 1250 nostri,
654 1172 691 1235 hi
713 1172 793 1254 quid
816 1172 905 1235 aliud
931 1192 1032 1253 quam
1054 1172 1148 1236 vasti-

205 1268 306 1325 tatem
329 1261 393 1325 sibi
415 1261 601 1344 promittere
624 1262 783 1344 possunt?

207 1411 212 1417 .
294 1350 389 1425 Quod
411 1350 505 1413 dicit:
536 1350 605 1431 Ego
628 1350 762 1431 quidem
784 1350 907 1413 redimo
929 1370 1001 1427 eos,
1030 1356 1065 1413 et
1086 1349 1149 1431 ipsi
1274 1404 1276 1425 ,

204 1440 382 1520 loquuntur
405 1445 516 1503 contre
543 1458 597 1501 me
619 1439 839 1515 mendacium,
870 1438 905 1501 id
928 1439 1058 1521 proprie
1081 1458 1148 1521 per·
1275 1436 1276 1447 ’

205 1525 289 1592 tin'et
310 1528 352 1590 ad
375 1534 521 1610 tempora
541 1528 724 1605 Ierobeam‚
756 1528 814 1609 qui
837 1528 898 1591 etsi
921 1532 1005 1591 esset
1027 1527 1148 1609 impius
1274 1546 1276 1593 ὲ

205 1612 277 1694 rex',
311 1622 423 1680 tamen
451 1617 634 1679 fortunatus
661 1616 741 1693 fuit,
773 1636 851 1680 nam
880 1616 1021 1679 restituit
1050 1636 1149 1697 regno

205 1705 320 1783 Israel,
350 1712 433 1785 quae
456 1726 476 1767 a
497 1706 674 1772 maioribus
702 1705 822 1769 amissa
844 1711 949 1781 erant,
979 1724 1085 1787 usque
1108 1704 1149 1769 ab
1274 1708 1275 1711 ’

205 1794 349 1858 Hemath
372 1794 414 1857 ad
437 1815 534 1858 mare.
583 1796 612 1857 2.
637 1795 693 1857 Re.
721 1795 771 1857 14.

300 1992 349 2034 on
379 1973 553 2036 clamant
579 1971 627 2036 ad
650 1992 710 2035 me
741 1993 786 2036 ex
813 1972 931 2041 corde
961 1990 1047 2048 suo,
1084 1971 1150 2038 sed

317 2062 481 2126 ululant
514 2061 554 2126 in
588 2060 793 2129 cubiculis
832 2061 924 2127 suis.
983 2061 1151 2146 Propter

251 2152 499 2213 frumentum
538 2157 577 2214 et
619 2157 794 2216 mustum
832 2157 1150 2234 congregantur,

251 2244 292 2301 et
313 2238 589 2303 adversantur
609 2239 718 2302 mihi.

207 2415 371 2529 Gramant
393 2415 527 2520 quidem
553 2373 587 2480 et
603 2437 650 2520 ’eir
673 2416 784 2493 corde,
814 2437 892 2481 nam
915 2418 1081 2482 calamitas
1103 2419 1152 2481 ita

262 2513 364 2588 urget,
389 2506 446 2570 sed
467 2527 504 2568 m
526 2526 564 2570 eo
580 2525 700 2571 norum
724 2510 781 2582 est,
806 2506 895 2586 quod
917 2527 983 2571 non
1006 2507 1150 2570 clamant

207 2618 249 2658 ex
282 2595 376 2659 corde
411 2595 453 2657 ad
486 2594 666 2658 dominum.
713 2594 955 2659 conveniebant
987 2596 1077 2658 enim
1107 2595 1152 2660 ad
1274 2661 1275 2668 χ

206 2683 302 2759 idola,
327 2690 359 2745 ct
372 2683 568 2746 invocabant
585 2683 621 2744 in
635 2684 706 2748 lo'co
721 2682 892 2765 prohibito,
917 2705 995 2747 nam
1010 2685 1151 2755 orationi
1274 2695 1275 2768 ζ

207 2771 405 2834 destinatum
421 2776 489 2835 erat
502 2771 662 2853 templum
670 2773 1011 2854 Hierosolymitanum.
1034 2772 1150 2856 Itaque

207 2860 306 2927 etiam
329 2860 387 2941 qui
409 2879 539 2942 corpore
562 2860 704 2939 aberant,
728 2862 812 2926 istuc
828 2861 998 2926 vertebant
1020 2862 1147 2925 faciem.
1273 2873 1275 2888 ⁴

207 2950 270 3013 Sed
292 2951 391 3014 Israel
417 2949 577 3032 templum
599 2951 840 3027 contemnebat,
865 2957 898 3015 et
919 2950 1063 3015 habebat
1083 2949 1150 3014 ido-

206 3040 320 3103 latrica
334 3040 465 3122 templa,
490 3039 559 3102 sine
581 3039 678 3102 verbo
702 3044 735 3102 et
750 3045 860 3104 contra
882 3039 935 3101 dei
957 3039 1152 3102 mandatum
1273 3095 1274 3100 ,

206 3125 364 3206 instituta,
388 3148 471 3209 quae
485 3127 645 3210 propheta
666 3127 721 3192 hic
739 3134 833 3192 vocat
855 3128 1012 3205 cubicula,
1036 3126 1153 3192 alludit
1273 3171 1274 3174 4

208 3217 296 3280 enim
319 3216 360 3279 ud
376 3216 622 3280 similitudinem
645 3216 803 3281 adulterii.
855 3212 1015 3280 ¹Mexime
1039 3223 1152 3280 autem
1272 3229 1274 3232 ’

206 3305 332 3386 insigne
355 3311 418 3382 est,
451 3305 538 3386 quod
564 3311 658 3370 vocat
685 3304 886 3369 idolatricam
911 3305 1152 3370 invocationem
1258 3379 1263 3388 Ι

207 3394 367 3458 ululatum
394 3389 529 3478 (Iolaia).
576 3394 776 3458 sicutenim
804 3394 948 3460 musicus
975 3400 1149 3458 concentus

152 3529 160 3534 -
207 3503 299 3547 aures
322 3483 499 3558 demulcet,
526 3483 573 3547 ita
594 3484 736 3547 ululatus
760 3483 895 3548 offendit
917 3501 1019 3547 aures.
1067 3483 1145 3546 Vera

58 3575 95 3655 js·
205 3570 306 3654 igitur
341 3571 501 3636 invocatio
536 3576 586 3636 est
613 3571 676 3636 deo
706 3572 897 3637 suavissima
924 3571 1064 3648 musica,
1096 3573 1141 3635 set

84 3774 104 3816 7..
204 3741 207 3744 ⁴
299 3762 326 3826 1)
343 3761 497 3820 ldolatrlca
515 3765 658 3821 invocatio
675 3721 818 3824 ululatus
