2575 4225
86 200 91 205 ’
199 198 261 287 rsa
558 223 716 286 Praefatio
739 224 775 285 sn

196 400 413 463 ministerium
452 407 520 463 tam
558 408 642 464 esset
680 420 784 481 gravo.
846 400 918 462 Non
953 400 1042 461 enim
1076 401 1140 463 hoc

197 490 301 552 solum
331 488 505 552 mandatur
527 490 642 566 Ionae,
683 496 722 553 ut
756 489 925 581 Ninivitas⁸
951 495 1077 573 revocet
1104 491 1141 551 in

196 579 293 653 viam,
318 581 351 639 et
373 577 414 640 de
436 598 511 642 vero
534 579 586 641 dei
609 580 698 642 cultu
721 598 758 639 ac
782 584 892 641 sancta
914 577 982 641 vita
995 585 1139 655 moneat,

196 666 326 728 iubetur
363 667 475 744 etiam,
514 674 552 730 ut
584 673 671 731 certo
710 666 920 748 praenunciet
952 667 1038 730 intra
1069 667 1141 729 dies

198 754 412 834 quadraginta
433 757 601 836 perituros.

286 843 337 906 Ad
371 845 459 906 hunc
492 845 627 908 modum
657 846 781 907 Hoseas
815 864 881 906 non
911 843 1143 907 solum-docet

197 952 332 1011 regnum
359 933 459 995 Israel
485 933 525 995 de
552 955 627 997 voro
657 935 758 1009 cultu,
789 939 821 995 et
848 938 974 995 revocat
1004 933 1044 994 ab
1073 934 1139 994 ido-

196 1021 305 1096 latria,
336 1021 393 1084 sed
421 1029 507 1085 certo
529 1024 672 1085 minatur
694 1022 864 1102 Assyrium
885 1027 1076 1098 venturum,
1107 1028 1143 1085 et

197 1109 280 1172 ferro
305 1130 341 1173 ac
363 1110 432 1190 igni
455 1116 656 1175 vastaturum
685 1111 810 1186 omnia,
841 1110 999 1191 populum
1029 1117 1140 1192 autem

197 1200 362 1278 captivum
401 1200 485 1263 inter
524 1208 634 1281 gentes
669 1218 859 1263 mansurum
899 1217 959 1261 nec
996 1201 1139 1280 posthac

198 1287 407 1368 splendidum
422 1289 502 1352 illud
518 1310 637 1352 nomen
652 1289 851 1364 habiturum,
876 1288 964 1367 quod
980 1288 1023 1350 sit
1037 1308 1138 1370 popu·

197 1376 248 1437 lus
271 1374 333 1437 dei.
380 1377 461 1438 Cum
485 1385 593 1440 autem
609 1378 803 1441 conferimus
818 1376 978 1453 historiae,
1002 1383 1139 1441 eventus

198 1465 315 1544 probat
336 1466 528 1547 prophetam
551 1467 634 1529 nihil
657 1486 724 1529 esse
747 1466 930 1529 mentitum.
1014 1504 1016 1513 ‚

292 1547 423 1633 ¹Itaque
461 1555 546 1618 inter
584 1554 730 1619 doctores
771 1555 848 1618 novi
886 1554 1074 1617 testamenti
1108 1561 1142 1617 et

197 1641 371 1723 prophetas
409 1663 529 1723 magna
561 1644 744 1707 differentia
777 1649 834 1707 est.
892 1643 965 1706 Non
1001 1662 1067 1723 quo
1097 1643 1140 1705 ad

198 1729 392 1807 doctrinam,
416 1753 493 1794 nam
516 1734 644 1813 utrique
667 1731 908 1815 reprehendunt
925 1732 1138 1813 impietatem,

198 1825 231 1883 et
258 1819 376 1884 docent
409 1821 508 1883 fidem
535 1822 571 1884 in
600 1822 783 1898 Christum,
814 1821 980 1884 minantur
1010 1840 1140 1901 quoquc

198 1908 326 1989 utrique
349 1911 569 1990 peccatoribus
591 1931 721 1991 poenas.
768 1910 830 1973 Sed
846 1910 1021 1992 prophetae
1036 1916 1140 1973 certas

197 1998 406 2070 revelationes
428 2000 566 2076 habent,
595 2000 637 2062 de
663 2000 758 2063 certis
784 2000 913 2081 poenis,
944 2004 1029 2062 certo
1059 2005 1138 2061 tem-

196 2105 291 2166 pore,
323 2107 380 2167 per
403 2093 504 2152 certos
526 2088 675 2153 homines
703 2087 897 2169 infligendis.
948 2088 1014 2152 Nos
1042 2087 1140 2152 hodie

197 2173 233 2236 in
256 2193 375 2253 genere
397 2181 526 2240 tantum
547 2179 711 2240 minamur
727 2178 834 2259 ,impio
853 2176 987 2254 mundo,
1011 2197 1072 2240 nec
1087 2178 1141 2240 ha·

197 2263 312 2325 bemus
335 2270 455 2345 certam
477 2267 721 2342 revelationem,
759 2287 818 2347 per
839 2265 978 2328 Turcam
1006 2285 1064 2342 ne,
1097 2285 1140 2328 an
1267 2303 1275 2311 ·

197 2372 256 2433 per
308 2353 386 2416 alias
431 2360 554 2435 pestes,
610 2355 690 2418 deus
749 2355 950 2436 impietatem
994 2361 1140 2418 nostram

197 2441 383 2505 visitaturus
407 2443 458 2520 sit,
483 2449 560 2507 sunt
582 2451 692 2507 autern
713 2445 830 2507 harum
852 2442 1029 2520 minarum,
1059 2463 1140 2523 quas

198 2550 257 2593 nos
271 2531 307 2607 in
323 2551 437 2610 genere
453 2533 624 2612 flagiciosis
639 2534 860 2615 proponimus,
882 2532 1025 2614 insignes
1041 2538 1140 2596 testes

198 2619 383 2700 prophetae.
407 2621 521 2700 Itaque
537 2622 579 2684 ad
591 2622 786 2685 revocandos
796 2621 945 2684 homines
958 2641 977 2683 a
988 2621 1140 2702 peccatis,

198 2712 232 2768 et
254 2707 295 2768 ad
318 2706 500 2771 docendum
522 2710 672 2773 timorem
695 2711 747 2773 dei
769 2712 850 2772 mire
873 2716 950 2773 sunt
972 2710 1079 2772 utiles.

198 2827 270 2941 San
293 2837 469 2913 postquam
491 2833 526 2895 in
549 2854 663 2913 genere
685 2836 823 2897 breviter
845 2834 885 2896 de
904 2834 1141 2955 prophetarum

245 2920 454 2985 concionibus
466 2921 618 2999 diximus,
635 2944 723 2986 nunc
739 2923 778 2985 de
790 2924 899 2986 Hosea
936 2922 1141 3003 peculiariter

197 3010 397 3075 instituenda
424 3012 525 3074 oratio
554 3017 618 3088 est,
661 2999 718 3092 qbi
747 3032 812 3093 quo
840 3018 983 3094 tempore
1011 3011 1139 3088 vixerit,

197 3100 267 3180 ipse
291 3099 384 3162 docet
405 3099 441 3161 in
463 3101 571 3177 titulo,
596 3120 671 3163 cum
693 3121 782 3181 reges
805 3100 967 3176 nominat,
999 3119 1141 3180 quorum

197 3187 397 3269 temporibus
426 3189 462 3251 in
489 3189 668 3253 ministerio
698 3191 770 3253 fuit.
829 3191 929 3252 Amos
964 3195 996 3252 et
1026 3189 1139 3252 Esaias

197 3276 296 3340 etiam
312 3275 409 3338 Vsiae
431 3278 629 3358 temporibus
652 3278 792 3354 fuerunt,
817 3273 874 3342 se'd
889 3279 989 3340 Amos
1011 3277 1141 3340 videtur

197 3366 300 3428 maior
321 3369 410 3441 natu,
435 3365 546 3428 Esaias
570 3373 679 3428 autem
702 3368 809 3430 minor
829 3372 917 3442 natu,
942 3386 1020 3428 nam
1035 3385 1130 3446 usqu<

198 3453 239 3515 ad
259 3454 409 3516 Manasse
432 3460 578 3534 tempora
600 3455 719 3518 vixisse
743 3462 775 3518 et
798 3457 838 3518 ab
862 3475 899 3518 eo
922 3455 1046 3518 occisus
1070 3469 1131 3518 esse

288 3626 315 3694 1)
335 3629 504 3682 Differentia
521 3628 597 3681 inter
613 3630 821 3697 prophetarum
840 3633 870 3684 et
889 3629 956 3684 novi
968 3632 1135 3683 testamenti

199 3696 358 3751 conciones.
395 3698 422 3766 2)
442 3700 567 3766 Tempus
585 3700 707 3755 Hoseae.
