2575 4225
209 262 271 327 176
387 308 390 316 ·
541 262 646 343 Caput
668 261 811 342 primum

207 448 322 523 gentes
337 440 444 503 ablata
458 439 627 521 Aegyptiis
643 438 768 514 extulit,
794 438 1015 502 existimantes
1031 438 1158 521 eadem„

205 530 329 593 ratione
352 529 498 591 excusari
519 548 613 610 posse
636 526 898 603 fornicationem,
929 544 994 608 qua
1017 525 1144 591 excusa-

206 618 325 681 bantur
350 618 476 693 Iudaei,
506 616 739 698 Aegyptiorum
768 634 883 677 aurum
911 622 943 679 et
976 622 1146 696 argentum

207 707 397 771 auferentes.
847 750 851 759 ›

296 796 359 858 Sed
381 796 475 875 longe
498 796 642 857 maxima
664 794 717 855 hic
741 792 969 856 dissimilitudo
986 799 1042 870 est,
1068 814 1148 855 nam

208 885 331 947 factum
360 884 553 947 Iudaeorum
586 904 653 955 non
688 883 792 945 solum
826 888 958 945 excusat
993 884 1147 945 autoritas

192 974 334 1050 divina,
370 974 428 1036 sed
463 973 561 1036 etiam
592 972 674 1035 ratio
702 990 760 1033 seu
790 976 923 1033 naturae
953 971 1018 1047 ius,
1060 971 1149 1051 quod

209 1054 333 1144 premia
356 1062 523 1125 constituit
544 1060 758 1124 mercenariis.
798 1060 950 1141 Oppressi
965 1060 1064 1139 igitur
1080 1059 1148 1122 diu-

207 1154 277 1215 tina
299 1152 470 1232 tyrannide
485 1151 607 1226 Iudaei,
631 1149 764 1213 tandem
785 1148 832 1223 ita
845 1149 976 1211 iubente
992 1148 1052 1212 deo
1069 1170 1148 1211 mer-

208 1239 319 1303 cedem
335 1259 467 1303 suorum
481 1239 629 1303 laborum
643 1239 753 1301 ierunt
767 1238 808 1300 ab
824 1237 957 1316 ingratis
970 1238 1147 1319 Aegyptiis.

208 1328 287 1391 Erat
307 1328 407 1407 igitur
427 1329 490 1390 hoc
513 1349 594 1409 opus
617 1348 684 1389 non
707 1327 845 1402 furtum,
877 1326 933 1388 sed
955 1326 1042 1389 iusta
1068 1347 1149 1389 mer·

208 1437 269 1493 ces,
294 1416 404 1480 debita
417 1417 568 1480 Israelitis
591 1436 650 1498 pro
672 1422 740 1479 tam
762 1415 859 1494 longa
881 1419 914 1476 et
928 1415 1072 1477 officiosa
1088 1434 1148 1478 ser-

207 1506 324 1581 vitute,
356 1511 455 1586 quani
484 1506 563 1568 deus
590 1525 737 1567 summus
766 1509 799 1566 ct
824 1504 1020 1566 iustissimus
1049 1506 1149 1585 magi·

208 1598 326 1657 stratus
350 1600 383 1657 et
406 1594 505 1659 iudex
526 1594 607 1675 ipsis
629 1594 752 1657 tribuit.

302 1678 384 1747 1Ηὶο
413 1691 521 1748 autem
548 1683 676 1745 nullum
704 1684 756 1745 ius
791 1682 870 1761 fingi
903 1687 1023 1763 potest,
1061 1682 1149 1762 quod

210 1772 455 1836 fornicationem
478 1778 621 1857 excuset,
645 1792 724 1834 nam
746 1772 905 1850 legitimas
929 1771 1059 1852 nuptias
1083 1792 1151 1835 non

210 1862 314 1924 solum
333 1862 461 1926 divinae
480 1864 575 1943 leges,
597 1859 655 1923 sed
675 1860 773 1923 etiam
788 1866 921 1923 naturae
936 1861 987 1923 ius
1003 1860 1149 1939 exigunt,

209 1970 268 2012 nec
296 1972 442 2031 unquam
468 1950 612 2014 accidere
640 1955 761 2030 potest,
796 1955 835 2012 ut
861 1948 940 2012 deus
973 1950 1151 2031 praecipiat

209 2046 266 2102 aut
288 2041 444 2122 approbet
466 2060 563 2121 vagas
591 2038 758 2115 libidines,
789 2056 845 2100 seu
875 2058 941 2101 non
970 2038 1151 2119 legitimam

210 2129 469 2192 coniunctionem
490 2130 552 2193 viri
575 2135 607 2192 et
629 2129 788 2204 mulieris,
817 2129 894 2208 quia
916 2129 995 2190 haec
1019 2135 1068 2190 est
1090 2128 1148 2190 im·

209 2217 376 2279 mutabilis
399 2218 468 2280 eius
490 2219 649 2292 voluntas,
674 2223 712 2280 ut
735 2217 918 2280 coniunctio
941 2217 1001 2281 viri
1024 2223 1149 2278 et'mu·

208 2304 294 2366 lieris
317 2305 384 2368 sint
404 2306 567 2385 legitimae
589 2306 733 2386 nuptiae,
758 2307 841 2368 sicut
863 2302 1019 2368 dicitur*:
1045 2305 1152 2368 Erunt

209 2394 244 2456 in
267 2414 396 2456 carnem
418 2410 528 2471 unam,
551 2393 587 2456 id
610 2400 668 2471 est,
696 2394 951 2475 inseparabiliter
974 2395 1148 2457 coniuncti.
1279 2423 1284 2449 .-

210 2483 253 2546 nt
280 2490 436 2564 perpetua
466 2490 515 2547 est
542 2484 696 2547 autoritas
736 2482 830 2546 dicti:
867 2477 1082 2546 ²Scortatores
1120 2489 1152 2546 et
1278 2478 1284 2489 '

211 2571 372 2634 adulteros
400 2572 559 2635 iudicabit
592 2573 681 2634 deus.
729 2573 772 2635 nt
804 2573 943 2654 probant
976 2574 1078 2634 hanc·
1096 2572 1151 2635 dei

210 2660 409 2721 voluntatem
437 2661 644 2740 quotidianae
670 2681 811 2743 poenae,
841 2661 959 2742 quibus
988 2661 1151 2724 cumulate

211 2752 398 2810 scortatores
421 2754 453 2810 et
475 2749 635 2813 adulteros
657 2751 756 2832 plecti
773 2749 930 2814 videmus.
968 2751 1041 2812 Non
1061 2750 1152 2812 enim

211 2856 343 2916 corpora
365 2837 470 2900 solum
492 2837 667 2902 defoedant
689 2839 767 2902 certi
789 2839 894 2902 morbi
917 2839 959 2901 ad
988 2840 1050 2902 hoc
1079 2859 1151 2921 pec·

211 2930 320 2988 catum
342 2924 503 3003 destinati,
527 2947 594 2990 non
616 2928 722 2991 solum
744 2928 947 2991 oeconomiae
971 2935 1003 2991 et
1018 2928 1150 2992 faculta-

212 3021 284 3076 tum
305 3015 434 3078 ruinam
462 3017 646 3096 promiscua
671 3016 773 3079 libido
805 3035 914 3079 secum
948 3018 1055 3092 affert,
1093 3019 1152 3081 sed

212 3103 310 3165 etiam
338 3105 526 3186 polluuntur
560 3104 671 3167 animi.
725 3105 893 3178 Quomodo
927 3105 1025 3186 igitur
1059 3105 1151 3182 deus,

212 3191 326 3253 autin
349 3212 447 3273 quem
468 3193 717 3273 finemcogeret
739 3193 780 3255 ad
803 3194 1049 3258 fornicationem
1081 3217 1152 3276 pro-

54 3279 98 3366 14„
211 3279 367 3369 phetam?
401 3281 472 3344 Etsi
493 3281 658 3345 docendus
680 3282 904 3364 iuit'populus
928 3283 968 3345 de
990 3282 1152 3361 idolatria,

301 3509 328 3576 1)
340 3509 502 3591 Fornicatio
510 3525 660 3578 nunquam
670 3515 714 3564 est
723 3511 906 3565 excusabilis.
920 3510 948 3579 2)
959 3510 1061 3564 Ebrae.
1077 3511 1138 3564 13!

302 3667 327 3734 ⁸)
347 3669 383 3720 In
401 3683 488 3736 marg.
507 3669 656 3724 coll.Ien.:
675 3670 765 3724 Marci
778 3669 820 3724 10.
839 3671 911 3743 etl.
927 3667 989 3722 Cor.
1002 3668 1027 3722 6.
1060 3669 1104 3737 ”)
1119 3673 1140 3724 I]

214 3752 301 3804 marg.
321 3739 382 3792 coll.
402 3740 475 3793 Ien.:
494 3740 595 3794 librae.
616 3740 658 3794 12.
