2575 4225
227 256 290 318 532
550 260 681 322 Additio
705 259 838 323 Lutheri

224 434 313 509 casti,
338 442 468 516 peccato
491 441 547 499 tuo
569 437 651 499 mihi
674 457 746 500 reus
770 457 812 512 es,
837 435 960 517 pcccati
975 436 1045 498 iure
1060 441 1093 499 te
1112 435 1171 498 de-'

223 543 300 585 voro
323 523 358 586 in
381 525 637 606 sempiternum?
672 525 754 588 Cum
776 525 865 588 nulla
887 530 1033 588 creatura
1062 525 1163 605 loqui·
1264 517 1266 538 ¹

225 616 278 672 tur
310 612 359 674 vel
382 612 448 692 agit
473 633 576 689 mors,
606 613 670 676 nisi
698 634 773 676 curn
799 612 944 688 homine,
977 613 1055 692 quia
1078 615 1163 678 solus
1264 628 1266 658 ³

224 699 294 780 ipsc
322 701 475 780 peccavit.
522 702 656 764 Nullum
685 702 806 765 animal
840 707 959 782 peccat.
1005 703 1162 781 Loquitur

225 794 334 850 autem
357 794 467 851 contra
489 810 549 853 nos
572 811 638 853 non
661 791 726 853 nisi
748 791 919 867 iudicium,
946 796 978 853 ct
1001 790 1069 870 agit
1091 811 1161 854 cau·

224 895 294 938 sam
317 896 374 938 scu
396 877 488 962 δίκην
511 899 604 941 suam
626 885 664 942 ut
685 880 765 942 Lxx.
789 884 927 942 vertunt.

313 964 436 1042 Eadem
459 967 570 1030 feceris
594 988 669 1030 cum
692 988 813 1044 morsu,
841 968 987 1043 incursu,
1018 988 1159 1044 occursu,

224 1059 257 1116 et
280 1054 308 1115 si
331 1074 412 1137 quae
435 1055 499 1117 alia
521 1056 577 1118 alii
598 1058 844 1132 transtulerunt,
873 1076 951 1118 narn
973 1057 1105 1136 quando
1127 1057 1161 1118 in
1263 1067 1267 1142 ξ

223 1142 286 1205 hoc
308 1162 421 1206 omnes
444 1146 650 1222 conveniunt,
677 1152 714 1208 ut
737 1145 776 1207 de
800 1150 902 1207 morte
926 1150 958 1208 et
980 1144 1108 1208 inferno
1130 1152 1162 1208 et

223 1250 321 1310 regno
345 1251 455 1294 eorum
477 1234 659 1313 loquantur.
705 1235 823 1296 Paulus
846 1239 954 1297 autem
978 1239 1094 1314 aperte,
1117 1233 1159 1295 di·
1265 1243 1267 1260 ¹

223 1319 276 1394 cit,
301 1327 469 1400 peccatum
484 1341 553 1384 esse
568 1323 649 1384 illud
665 1322 809 1384 medium
825 1341 882 1384 seu
897 1322 1159 1397 instrumentum,

224 1427 288 1486 quo
323 1429 409 1471 mors
443 1414 476 1471 et
508 1411 654 1474 infernus
689 1417 805 1490 agunt,
844 1415 975 1486 vorant,
1015 1416 1158 1490 regnant,

223 1495 441 1577 triumphant,
466 1505 498 1559 et
520 1499 630 1561 omnia
652 1505 763 1562 contra
788 1501 969 1561 humanum
992 1518 1094 1578 genus
1117 1499 1159 1561 sa·
1265 1501 1267 1524 ³

223 1582 327 1660 ciunt,
358 1584 427 1646 sine
450 1587 591 1666 periculo
614 1592 783 1668 peccatum
806 1587 915 1668 ipsum
938 1587 1081 1668 appellas
1108 1586 1159 1649 sti·

222 1672 365 1749 mulum,
391 1675 551 1751 aculeum,
576 1693 734 1752 morsum,
759 1682 899 1757 pestem,
930 1676 1033 1750 luem,
1063 1676 1158 1750 virus,
1265 1675 1266 1684 ³

223 1761 367 1841 plagam,
397 1763 577 1840 incursum,
607 1765 774 1828 victoriam
797 1764 910 1826 mortis
933 1769 965 1826 et
986 1763 1108 1826 inferni
1130 1770 1161 1826 et

223 1869 324 1911 omne·
347 1850 443 1928 illud,
476 1872 540 1931 quo
568 1852 667 1916 homo
699 1853 801 1916 occidi
824 1859 856 1915 et
878 1848 1021 1933 opinari*
1043 1858 1158 1933 potest.
1266 1911 1267 1920 ,

222 1937 293 1999 Nisi
322 1940 410 2018 quod
440 1960 537 2021 opera
566 1946 677 2004 tamen
711 1942 819 2004 danda
852 1939 914 2014 est,
949 1947 987 2003 ut
1017 1941 1160 2004 Ebraeus

223 2029 330 2089 textus
364 2029 491 2092 Hoseae
526 2029 669 2109 aliquam
707 2049 807 2093 unam
845 2035 953 2092 teneat
990 2030 1161 2092 verborum

222 2122 406 2197 certamque
429 2120 682 2198 grammaticam,
707 2139 805 2199 quam
828 2118 924 2182 variis
939 2118 1045 2181 modis
1060 2119 1160 2182 Panlo

222 2209 255 2265 et
278 2205 348 2267 aliis
370 2207 466 2270 liceat
488 2208 637 2287 figurare,
670 2208 758 2271 salva
780 2207 948 2271 sententia.
994 2206 1079 2281 Quia
1101 2227 1161 2271 nec

222 2291 320 2356 Paulo
344 2314 420 2357 cura
442 2302 499 2372 cst,
525 2316 567 2357 an
590 2297 740 2359 stimulus
762 2297 813 2360 vel
835 2296 934 2376 pestis
958 2295 1084 2359 dicatur
1099 2303 1157 2358 etc.

221 2381 318 2443 modo
342 2383 502 2464 intelligas
524 2385 613 2446 hunc
636 2385 819 2461 stimulum,
844 2390 969 2465 pestem
993 2390 1050 2447 stc.
1077 2385 1160 2447 nihil
1266 2390 1268 2461 ξ

222 2489 291 2531 esse
314 2471 376 2534 nisi
399 2478 576 2554 peccatum.
623 2474 671 2535 De
694 2474 756 2537 hoc
779 2473 866 2536 satis.
948 2512 952 2519 ·

220 2608 432 2717 Retexamus
470 2634 557 2676 nunc
595 2620 697 2676 totam
735 2614 922 2677 concionem
958 2616 1086 2677 Hoseae
1123 2614 1158 2677 in
1263 2664 1268 2703 p

288 2700 352 2761 fine
368 2721 437 2782 cap.
458 2698 545 2763 133⁸*
578 2702 734 2781 Colligata
756 2708 805 2765 est
819 2702 974 2783 iniquitas
989 2702 1156 2784 Ephraim.
1266 2704 1268 2781 ᾗ

221 2787 380 2852 Omnibus
395 2794 509 2853 notum
525 2808 593 2851 esse
609 2795 697 2870 puto,
722 2791 905 2873 prophetas,
922 2792 1065 2853 maxime
1083 2812 1158 2855 vero
1266 2800 1268 2875 ff

220 2875 372 2953 Hoseam‚
397 2878 598 2942 abbreviatas
621 2879 974 2960 posuissesententias,
999 2900 1036 2942 ac
1058 2880 1159 2944 veluti
1266 2890 1268 2959 ᾖ

220 2964 373 3042 themata,
398 2967 449 3031 vel
472 2967 578 3047 potius
602 2969 778 3030 summaria
801 2969 992 3031 concionum
1015 2988 1157 3031 suarum.

220 3053 271 3113 Ita
293 3073 368 3116 curn
390 3056 500 3118 Hosea
521 3055 610 3118 haud
633 3056 731 3119 dubie
755 3058 789 3119 in
812 3057 874 3120 ista
897 3058 1049 3121 concione
1076 3057 1159 3119 bene
1267 3112 1268 3115 ,

220 3141 379 3221 prolixam
412 3143 564 3206 habuerit
597 3146 788 3221 orationem,
825 3145 864 3207 dc
893 3146 979 3225 lege,
1016 3151 1157 3226 peccato,
1267 3226 1268 3231 ἵ

220 3230 322 3309 gratia
345 3230 464 3295 Christi
486 3231 601 3308 futuri,
627 3238 659 3295 et
681 3254 778 3313 regno
801 3234 886 3311 eius,
911 3234 1043 3297 tandem
1067 3234 1158 3296 colle·
1267 3250 1268 3257 ¹

221 3318 268 3399 git
291 3324 323 3382 et
345 3319 488 3400 signavit
511 3322 622 3394 omnia
650 3322 686 3383 in
714 3341 876 3385 summam
907 3327 939 3384 et
968 3322 1156 3385 brevissima
1267 3336 1268 3343 ¹

220 3407 335 3490 capita,
360 3409 485 3472 dicens:

310 3583 335 3649 ·)
353 3584 389 3637 In
411 3584 585 3651 quibusdam
612 3583 825 3651 exemplaribus
851 3585 986 3639 editionis
1013 3584 1158 3653 principis
1265 3574 1268 3653 ,Ϊ

219 3653 299 3705 etin
317 3653 533 3709 collectionibus
550 3655 665 3721 legitur:
694 3656 832 3709 damnari.
870 3654 912 3723 ”)
931 3657 967 3709 In
985 3672 1072 3721 marg.
1093 3656 1158 3710 coll.

220 3725 295 3777 Ien:
315 3724 428 3777 Hoseac
447 3724 488 3777 13.
1121 3748 1125 3753 ·

1259 3678 1268 3851 ¹
