2575 4225
414 290 540 355 Hoacae
562 295 748 375 prophetae.
986 294 1050 359 437

113 466 264 530 morabili
292 469 428 533 historia
457 468 498 532 de
527 471 615 535 lucta
640 471 736 534 Iacob
771 492 845 535 cum
880 474 940 537 deo
973 476 1052 537 citra

112 555 308 619 Iordanem?
334 559 382 620 Ac
404 558 498 622 divus
520 555 656 623 Paulus¹
683 581 812 641 quoque
835 583 901 625 non
923 563 1051 639 frustra,

114 644 171 707 sed
194 645 321 709 disertis
343 648 449 710 verbis
472 668 547 710 cum
569 649 610 712 de
624 650 720 713 Iacob
744 657 777 714 et
791 652 877 714 Esau
900 652 1050 732 loquitur,

13 751 15 816 j
114 732 214 809 addit,
238 736 428 817 priusquam
451 744 665 802 nascerentur.

116 914 244 1019 Astera
272 914 406 977 historia
429 920 478 978 est
500 916 598 978 Gene.
623 910 696 978 32²
724 916 812 981 Sicut
835 919 922 980 enim
945 920 1050 997 Iacob,

178 1024 254 1066 cum
277 1003 384 1066 adhuc
406 1004 441 1066 in
463 1010 554 1069 utero
577 1006 690 1068 matris
713 1013 810 1082 essct,
835 1009 958 1088 optavit
980 1028 1051 1071 con·

114 1092 206 1173 sequi
228 1093 475 1173 promissionem
498 1095 643 1174 patribus
667 1094 707 1156 dc
730 1096 853 1157 semine
883 1097 1052 1161 benedicto

113 1183 242 1244 factam.
288 1182 340 1244 ita
369 1187 472 1245 aetate
501 1189 632 1245 auctum
661 1184 723 1246 hoc
747 1185 892 1263 studium
919 1191 982 1262 est,
1012 1206 1053 1247 ex

13 1273 14 1278 ’
112 1271 170 1351 pia
198 1270 400 1333 institutione
430 1277 617 1353 parentum,
654 1292 690 1335 ac
724 1274 836 1337 matris
870 1274 1050 1356 praecipue,

113 1378 197 1439 quae
221 1379 241 1421 a
261 1360 444 1440 patriarcha
459 1360 532 1423 Sem
556 1366 721 1443 acceperat
743 1381 942 1443 responsum,
967 1364 1051 1426 futu-

112 1468 196 1524 rum,
220 1454 258 1511 ut
279 1449 385 1511 minor
407 1449 627 1513 dominaretur
649 1450 771 1514 maiori.
817 1452 865 1513 Ac
894 1452 977 1514 sicut
1004 1452 1051 1513 hi-

113 1537 213 1600 storia
239 1531 415 1614 ostendit,³
442 1538 560 1601 accidit
592 1559 684 1616 casu,
719 1545 757 1602 ut
789 1547 921 1604 venator
955 1542 1051 1617 Esau,

112 1627 202 1689 fame
223 1646 307 1707 pene
329 1632 489 1704 enecatus,
512 1627 632 1692 rediret
654 1629 804 1705 domum,
836 1649 874 1692 ac
896 1630 1051 1710 primoge-

112 1716 240 1777 niturae
262 1716 314 1778 ius
336 1716 427 1781 fratri
446 1717 571 1781 cederet
587 1723 718 1799 propter
732 1718 851 1794 cibum,
876 1718 966 1781 cuius
981 1725 1051 1780 tum

113 1804 237 1869 avidior
259 1824 358 1884 quam
380 1805 603 1887 promissionis
624 1812 701 1869 erat.

202 1893 316 1974 Itaque
340 1913 414 1956 cum
435 1895 525 1957 Isaac
547 1896 614 1957 iarn
636 1916 678 1957 ex
699 1888 765 1958 hac
786 1896 853 1959 vita
883 1896 1051 1975 emigratu·
1241 1933 1273 1964 (ε

111 2001 178 2058 rus,
202 1982 389 2045 benedicere
411 1984 486 2046 filiis
508 1985 611 2062 vellet,
635 1986 691 2065 pio
714 1985 826 2048 matris
849 1985 922 2047 dolo
939 1984 1051 2047 substi·
1250 1982 1268 2002 “

111 2072 217 2134 tuitur
238 2072 333 2136 Iacob
356 2093 414 2154 pro
437 2073 541 2150 Esau,
572 2094 610 2137 ac
631 2073 891 2138 benedictionem
913 2093 933 2136 a
961 2079 1051 2155 patre

13 2178 15 2187 ⁴
112 2161 240 2242 accipit.
287 2162 335 2224 Ea
356 2182 390 2224 re
413 2162 589 2226 admodum
619 2165 759 2227 offensus
791 2169 840 2226 est
862 2164 964 2239 Esau,
995 2164 1052 2226 ita·

13 2270 14 2329 3
111 2270 176 2330 qne
198 2256 301 2313 mater
331 2257 492 2328 metuens,
524 2273 566 2314 ne
589 2253 669 2314 Cain
695 2253 882 2334 exemplum
909 2271 1052 2332 sequere-

13 2374 15 2421 ς
111 2348 175 2415 tur,
200 2340 327 2420 ablegat
348 2341 452 2403 filiurn
466 2342 564 2404 Iacob
585 2343 621 2403 in
636 2343 904 2424 Mesopotamiam
928 2341 970 2402 ad
993 2341 1051 2402 fra-

13 2432 15 2489 t
111 2436 197 2492 trem
219 2429 339 2505 Laban,
355 2431 455 2493 'cuius
477 2430 559 2492 duas
581 2431 664 2492 filias
682 2430 779 2492 iacob
800 2431 836 2492 in
858 2449 973 2492 uxores
997 2428 1052 2490 du-

12 2541 14 2568 ι
112 2518 166 2580 cit,
214 2517 360 2583 Tandem
383 2538 458 2581 cum
480 2524 680 2582 revocaretur
702 2540 722 2581 a
736 2519 869 2581 domino
883 2519 919 2580 in
934 2524 1053 2581 terram

112 2607 261 2682 Canaan,
302 2612 450 2672 metuens
484 2608 592 2671 fratris
633 2607 716 2670 iram
749 2608 861 2683 Iacob,
902 2606 943 2669 ad
977 2626 1053 2668 eum

13 2702 15 2791 ἓ
111 2697 217 2759 mittit
246 2714 366 2772 servos,
401 2702 439 2759 ut
469 2699 636 2778 explorent
665 2698 734 2760 eius
763 2697 920 2759 animum.
966 2695 1053 2758 Esau

13 2792 14 2815 ¹
111 2785 227 2847 andito
249 2783 391 2847 adventu
413 2786 534 2862 fratris,
559 2807 634 2849 cum
658 2785 902 2866 quadringentis
925 2784 1053 2866 expedi-

111 2874 154 2936 tis
177 2873 256 2936 viris
279 2873 309 2934 ei
332 2875 477 2937 occurrit.
523 2874 563 2937 Id
585 2875 743 2936 nuncium
758 2875 852 2936 Iacob
877 2873 1053 2936 admodum

110 2962 330 3043 perturbavit,
362 2983 439 3025 nam
462 2983 560 3026 causa
581 2983 647 3026 non
670 2963 853 3038 constabat,
878 2982 935 3023 cur
957 2961 1054 3022 trater

111 3057 204 3114 tanto
227 3071 362 3114 numero
385 3053 523 3133 stipatus
546 3065 580 3114 se·
602 3051 639 3113 in
661 3051 748 3114 viam
771 3051 921 3113 dedisset.

206 3133 310 3202 4Cum
338 3141 435 3220 igitur
462 3140 504 3203 ad
532 3140 653 3204 vadum
681 3138 840 3215 Iordanis,
876 3139 929 3201 cui
957 3138 1053 3200 Iabcc

111 3248 235 3292 nomen
257 3234 315 3305 est,
339 3229 493 3307 venisset,
517 3233 714 3310 transportat
736 3234 834 3291 noctu
855 3246 984 3309 pecora,
1009 3226 1052 3287 fa·

204 3437 232 3504 1)
251 3439 334 3491 Rom.
353 3439 387 3490 9:
415 3437 443 3505 2)
463 3438 551 3492 Gene.
570 3437 629 3491 23¹·
657 3437 686 3504 3)
706 3437 794 3496 Gerre.
808 3435 884 3490 25.η
911 3433 940 3502 4)
958 3433 1053 3487 Histo-

150 3537 156 3563 ι
174 3510 212 3563 de
229 3509 308 3563 lucta
326 3525 391 3562 cum
409 3509 518 3575 angelo

203 3703 231 3773 ·)
249 3705 286 3758 In
303 3721 392 3771 marg.
412 3705 479 3759 edit.
498 3653 638 3774 principis
657 3709 686 3759 et
711 3705 772 3760 coll.
791 3703 897 3759 Vuitt.:
922 3701 1009 3756 (iane,
1028 3700 1054 3754 2.

173 3776 211 3830 In
230 3777 293 3830 coll.
313 3776 386 3830 Ian:
406 3775 494 3831 Gerre.
513 3776 557 3831 23.
