2575 4225
448 295 574 357 Hoseae
598 295 781 377 prophetae.
1022 294 1085 359 205

142 464 284 536 tura’sit
305 472 392 534 filius
415 471 477 549 dei,
502 492 561 536 nos
585 479 693 536 autem
717 473 890 555 adoptione
906 494 964 555 per
978 473 1085 550 fidem,

145 557 304 649 namx'per
328 560 492 624 Christum
514 561 674 625 efficimur
696 560 755 624 filii
778 562 844 639 dei,
869 563 968 643 igitur
990 563 1085 627 dicit:

142 650 345 713 Coheraedes
369 649 498 713 Christi.

235 736 317 803 *Sed
339 739 481 819 inquiesr
511 739 583 802 Non
606 746 723 803 tractat
745 739 824 803 deus
848 739 930 805 filios
954 761 1028 805 suos
1051 748 1088 807 ut

144 829 244 906 filios,
281 834 492 909 praemuntur
520 829 608 891 enim
640 848 748 905 cruce,
782 835 814 891 et
842 830 943 892 saevit
971 830 1007 892 in
1034 851 1087 894 eos

145 918 255 993 Satan,
281 924 313 981 et
335 916 487 981 mundus.
527 917 623 980 Recte
647 918 709 983 hoc
732 918 819 980 enim
835 918 934 981 etiam
949 918 990 981 ad
1005 920 1088 983 filios

144 1006 297 1086 pertinet,
321 1012 359 1069 ut
381 1006 526 1087 adoptivi
548 1006 606 1067 filii
622 1026 696 1068 vero
711 1005 764 1068 dei
779 1006 845 1069 filio
862 1006 982 1069 similes
998 1008 1087 1085 fiant,

146 1094 203 1174 qui
226 1094 328 1157 etiarn
351 1115 466 1175 passus
488 1101 538 1158 est
560 1101 698 1158 mortem
721 1100 754 1157 et
776 1096 882 1158 omnis
901 1096 1024 1175 generis
1041 1117 1088 1160 ca·

146 1184 326 1258 lumitates,
350 1183 385 1244 in
407 1184 475 1261 his,
500 1184 607 1264 inquit
629 1184 762 1260 Paulus,
788 1184 982 1248 retineamus
1004 1186 1089 1249 hane

147 1292 249 1354 spem,
257 1271 346 1352 quod
354 1273 613 1354 sioompatimur,
626 1272 725 1336 etiarn
734 1270 1090 1353 conglorificabimur.**

144 1361 267 1423 Sumus
290 1362 379 1423 enim
403 1362 483 1427 salvi
505 1362 592 1437 facti,
618 1361 675 1424 sed
698 1382 764 1443 spe.
804 1362 883 1444 Spes
899 1369 1008 1426 autem
1023 1384 1090 1426 non
1178 1381 1179 1386 ¹

145 1450 285 1512 videtin.
333 1450 386 1512 Sic
407 1451 584 1513 Iohannes:
607 1451 701 1513 Nunc
724 1471 837 1513 sumus
860 1452 920 1513 filii
943 1452 1008 1529 dei,
1033 1451 1090 1515 sed

145 1538 298 1601 nondum
320 1540 565 1602 manifestatum
588 1535 665 1617 est,1
694 1540 782 1620 quod
797 1540 926 1604 erimus.
966 1542 1089 1625 Scimus

15 1690 21 1693 .
146 1634 267 1704 autem,
292 1628 471 1707 quodcum
486 1629 754 1705 manifestabitur,
779 1629 899 1692 similes
915 1631 945 1691 ei
960 1632 1088 1694 erimus.

145 1717 237 1779 Haec
270 1718 447 1780 consolatio
476 1717 655 1781 admodum
684 1724 734 1781 est
761 1719 956 1794 necessaria,
992 1739 1033 1781 ne
1055 1720 1091 1781 in

144 1805 388 1868 calamitatibus
418 1806 563 1869 sinamus
597 1807 692 1869 nobis
725 1807 810 1869 hanc
845 1805 1091 1887 promissionem

141 1895 272 1971 excuti,
303 1895 392 1974 quod
415 1915 527 1959 sumus
551 1895 603 1957 dei
624 1896 684 1957 filii
706 1915 764 1976 per
787 1894 960 1958 Christum.
1007 1896 1091 1958 Nam

146 1989 239 2063 pater
261 1984 369 2045 filium
391 2004 490 2064 quem
512 1985 626 2063 diligit,
652 1985 787 2064 castigat
809 1990 868 2047 ete.
938 2050 941 2055 ,

192 2160 259 2270 Er
294 2162 644 2265 congregabuntur
679 2162 900 2266 11111Ιυᾶει
933 2163 1091 2267 1111111

229 2251 387 2314 ¹Israel
414 2253 544 2327 s1mul,
577 2258 614 2314 et
645 2257 898 2322 constrtuent
921 2252 1000 2314 s1b1
1030 2272 1091 2315 ca·

192 2346 270 2420 put
292 2360 425 2402 unum.

200 2537 286 2600 Agna
309 2519 373 2583 fuit
395 2518 561 2580 calamitas
584 2517 619 2579 in
651 2517 770 2597 populo
802 2517 871 2593 dei,
902 2523 935 2580 et
961 2517 1094 2580 initium

215 2609 323 2670 omnis
335 2607 422 2683 mali,
436 2607 524 2687 quod
539 2611 613 2687 post
625 2605 805 2668 Salomonis
817 2606 943 2669 obitum
958 2626 1093 2686 regnum

144 2700 292 2764 divisum
320 2703 377 2759 est.
425 2696 474 2758 Ea
503 2695 591 2756 enim
620 2715 671 2757 res
699 2694 863 2758 idolatriae
894 2697 1094 2760 occasionem

149 2787 251 2864 dedit,
277 2787 361 2859 sicut
383 2785 519 2847 historia
542 2783 692 2846 ostendit.
732 2783 816 2845 Nam
840 2803 915 2845 cum
929 2784 1095 2848 Ierobeam

150 2900 171 2942 a
193 2878 307 2940 decem
329 2874 493 2949 tribubus,
526 2893 608 2952 quae
632 2893 652 2934 a
674 2872 741 2934 filio
764 2871 944 2935 Salomonis
975 2873 1094 2936 defece-

148 2972 233 3042 rant,
257 2984 317 3026 rex
339 2963 457 3024 electus
481 2966 573 3037 essct,
600 2960 674 3023 ideo
697 2960 873 3042 peculiares
897 2961 1001 3023 cultus
1024 2981 1094 3024 con·

148 3064 201 3120 tra
223 3053 361 3117 verbum
384 3051 450 3127 dei,
475 3051 510 3111 in
532 3070 631 3129 regno
653 3050 752 3112 Israel
774 3048 928 3124 instituit,
954 3069 995 3111 ne
1018 3069 1095 3113 suus

148 3144 293 3227 populus
316 3140 546 3219 lerosolymam
570 3139 743 3217 quotannis
767 3137 809 3200 ad
839 3157 928 3200 sacra
954 3139 1028 3214 iret,
1064 3145 1097 3202 et

143 3254 210 3315 *per
237 3233 336 3294 istam
364 3247 526 3291 sacromm
554 3227 649 3307 quasi
676 3227 877 3302 societatem,
914 3245 947 3288 se
978 3229 1096 3290 iterum

244 3442 272 3508 1)
293 3441 317 3493 1.
338 3440 437 3519 lohan.
456 3438 529 3490 3.m

244 3638 270 3704 ⁶)
291 3638 326 3690 In
345 3653 433 3702 marg.
459 3636 522 3689 coll.
542 3636 614 3688 Ion:
638 3634 720 3686 Rom.
739 3633 763 3685 8.
801 3633 841 3700 ·⁸)
860 3634 896 3686 In
921 3649 1007 3699 marg.
1033 3633 1095 3685 coll.

179 3725 287 3764 inens:
307 3709 388 3760 Rom.
409 3707 433 3759 8.
471 3707 527 3774 m)
546 3706 581 3758 In
600 3704 661 3758 coll.
675 3705 778 3758 uuita:
800 3704 822 3756 1.
843 3705 903 3758 loh.
919 3703 942 3756 1.
980 3705 1014 3757 In
1033 3703 1095 3756 coll.

191 3780 273 3835 nensi
292 3779 381 3832 deest.
