2575 4225
5 526 12 730 l

6 731 9 810 l

5 835 9 942 q

381 269 387 279 '
434 278 560 341 Hoseae
582 277 768 359 prophetae.
1008 278 1072 343 317

172 455 332 568 Tribus
353 501 488 564 Israel
510 500 695 565 fideliter
717 502 966 582 praemonui.

108 687 278 799 ,Eoregia
306 687 479 769 particula,
522 684 609 768 quod
639 706 767 751 summo
797 685 904 751 studio
933 686 1012 752 dicit
1041 708 1074 751 se

192 776 435 860 praemonuisse
463 773 504 839 do
532 782 665 854 eventu,
694 777 750 840 sed
773 776 908 853 frustra,
937 798 1015 840 nam
1043 783 1075 840 et

129 866 335 929 retinuerunt
353 864 546 942 idolatriam,
571 870 604 927 et
626 871 889 947 contempserunt
911 866 1018 929 minas
1042 872 1075 929 et

6 963 8 1010 ὲ
128 955 289 1018 iudicium
304 954 366 1017 dei.
412 953 464 1017 Ad
486 955 575 1017 hunc
597 954 733 1018 modum
749 956 923 1018 Germania
945 975 1074 1036 quoque

6 1043 9 1160 l

129 1046 217 1107 varie
239 1038 459 1107 admonetur}
486 1043 653 1125 Imprimis
677 1049 786 1106 autem
803 1044 945 1125 episcopi
967 1043 1073 1107 admo·

130 1139 250 1196 nentur
272 1131 385 1209 officii,
416 1136 454 1194 ut
476 1132 650 1195 emendent
672 1133 807 1209 abusus,
836 1138 869 1195 et
890 1152 999 1196 veram
1021 1133 1074 1195 do·

125 1222 270 1285 ctrinam
297 1226 410 1284 curent
448 1220 541 1283 tradi.
599 1220 662 1284 Sed
694 1227 813 1301 quotus
848 1222 985 1303 quisque
1015 1229 1073 1297 est,

127 1311 187 1391 qui
221 1310 303 1375 serio
336 1310 376 1373 de
398 1309 461 1373 hac
482 1329 516 1372 re
544 1310 683 1390 cogitet?
739 1310 841 1390 Igitur
870 1310 931 1373 etsi
961 1310 1075 1374 subitis

125 1399 368 1463 calamitatibus
391 1399 686 1462 circumveniuntur
709 1419 767 1464 suo
788 1406 941 1482 tempore,
965 1406 1075 1463 tamen

130 1489 214 1550 nihil
237 1488 418 1569 patientur,
454 1487 541 1567 quod
563 1508 631 1551 non
652 1488 747 1569 longe
776 1494 851 1551 ante
874 1489 1076 1571 praedictum

127 1578 183 1641 sit.
238 1577 328 1641 Adeo
358 1577 509 1660 impietas
540 1577 692 1641 omnibus
723 1578 839 1641 seculis
869 1578 919 1641 sui
950 1578 1074 1654 similis,

129 1666 193 1730 hoc
217 1672 283 1742 est,
315 1666 480 1748 pertinarr,
510 1666 689 1743 obstinata,
714 1672 747 1731 et
768 1667 993 1747 incorrigibilis
1016 1674 1074 1730 est.

175 1852 401 1963 Principes
416 1852 518 1916 Iuda
539 1852 694 1921 similes
714 1859 807 1916 sunt
829 1853 1075 1917 transferen-

236 1942 344 2005 tibus
366 1942 582 2019 termino‘s,
610 1943 700 2005 ideo
724 1941 933 2004 effundam
956 1961 1076 2023 super

176 2051 243 2095 eos
266 2030 445 2095 furorem
467 2051 597 2095 meum
620 2038 814 2112 tanquam
837 2050 987 2113 aquam.

127 2218 224 2336 Quia
245 2218 333 2282 idem
359 2237 486 2296 eorum,
519 2238 601 2300 quae
625 2224 817 2299 sequuntur,
849 2225 1076 2299 argumentum

193 2315 258 2384 ast,
282 2312 366 2370 recte
389 2307 629 2388 coniunguntur
652 2328 727 2371 cum
750 2308 976 2390 superioribus.
1023 2309 1075 2370 Vi·

131 2399 227 2461 detur
253 2402 360 2460 autem
384 2396 494 2460 minus
523 2397 702 2460 necessaria
730 2403 762 2460 et
791 2397 969 2460 iniucunda
997 2398 1076 2459 haec

131 2490 291 2568 perpetua
313 2485 353 2548 de
383 2485 496 2568 poenis
519 2485 697 2567 impietatis
723 2486 880 2567 repetitio.
927 2484 990 2548 Sed
1012 2506 1076 2549 me-

130 2575 324 2638 minerimus
352 2595 458 2656 neque
487 2594 554 2637 uno
583 2573 635 2636 die
663 2594 723 2637 nec
755 2574 825 2641 loco
859 2572 987 2637 habitas
1017 2575 1077 2638 has

128 2664 316 2740 conciones,
341 2669 374 2726 et
396 2663 468 2745 ipsa
481 2664 700 2726 humanarum
722 2663 882 2727 mentium
902 2663 1077 2728 obstinatia

132 2772 216 2835 opus
239 2753 347 2828 habet,
371 2757 409 2816 ut
424 2752 537 2815 eadem
560 2772 655 2834 saepe
677 2751 887 2830 inculcentur,
912 2753 940 2816 si
962 2753 1020 2833 qui
1042 2753 1077 2816 in

131 2843 220 2906 viam
243 2841 354 2903 reduci
377 2842 418 2903 ab
441 2840 601 2905 erroribus
624 2848 754 2921 queant.

228 2924 357 2992 ²Utitur
388 2935 497 2992 autem
530 2931 592 2993 hoc
626 2931 662 2992 in
695 2931 765 2993 loco
799 2931 957 3011 propheta
994 2950 1077 2993 nova

132 3021 246 3100 figura,
272 3017 359 3098 quod
373 3019 536 3101 principes
551 3018 634 3081 Iuda
656 3025 822 3100 comparat
836 3038 912 3081 cum
934 3017 995 3095 his,
1021 3020 1078 3099 qui

133 3109 289 3171 terminos
311 3113 457 3185 mutant,
493 3108 554 3171 etsi
577 3107 665 3171 enim
689 3106 916 3170 discessionem
939 3127 958 3170 a
980 3108 1076 3171 verbo

130 3202 167 3260 et
180 3217 269 3271 ‘vera
298 3216 335 3258 ac
358 3197 445 3260 avita
466 3197 618 3277 religione
648 3195 823 3276 significat,
854 3201 964 3260 tamen
986 3203 1077 3260 notat

129 3285 194 3348 hac
222 3287 326 3366 figura
353 3287 452 3348 etiam
478 3286 650 3368 avariciam
682 3292 715 3348 et
742 3284 887 3348 studium
915 3292 1075 3366 quaestus,

161 3374 223 3438 uod
246 3375 282 3436 in
304 3373 449 3438 idolatris
472 3381 521 3438 est
543 3379 744 3456 perpetuum.
792 3373 881 3437 Sicut
903 3375 1001 3442 etiam
1023 3395 1076 3456 pa·

149 3463 296 3526 ,istarum
325 3465 510 3546 exemplum
548 3463 697 3526 ostendit.
750 3463 925 3542 Nunquam
955 3463 1000 3525 sic
1027 3482 1075 3525 ur·

161 3558 248 3615 erent
273 3551 406 3625 Missas,
447 3553 476 3615 si
509 3552 665 3615 utilitates
696 3552 829 3628 Missae,
871 3557 908 3614 ut
942 3552 1076 3631 quidam

225 3763 254 3831 1)
274 3763 431 3818 Germania
448 3763 626 3817 admonetur.
660 3731 693 3831 2)
712 3763 859 3854 Terminos
877 3765 988 3818 mutare
