2575 4225
243 277 309 340 too
567 272 673 353 Caput
695 271 858 335 decimum

242 454 327 529 fieri,
351 450 439 533 quod
460 450 555 515 vituli
577 449 684 513 cultus
704 450 843 513 usitatus
865 456 949 514 esset
970 448 1061 531 apud
1083 451 1185 531 Aegy-

243 543 338 625 ptios,
362 540 446 603 sicut
460 540 560 603 etiam
574 539 768 602 Graecorum
782 539 936 602 historiae
958 544 1130 616 testantur,
1155 546 1187 603 et

243 630 435 693 describitur
462 626 633 708 diligenter
663 628 704 691 ab
732 628 896 691 Herodoto
926 628 997 710 apis
1028 647 1087 690 seu
1114 648 1186 709 epa·

243 719 330 801 phus
352 718 482 794 vitulua
506 736 605 797 quem
626 717 780 797 Aegyptii
802 738 860 798 pro
883 717 943 780 deo
967 716 1185 793 colebantm
1154 718 1162 732 ‘

243 808 337 871 tertio
364 807 462 884 libro,
491 806 528 867 in
554 805 723 886 Cambysis
755 806 899 869 historia.
951 806 992 869 In
1019 806 1188 869 Ierobeam

244 916 388 977 quoquc,
427 894 517 976 quod
554 894 743 974 aliquandiu
777 895 865 976 apud
898 896 1077 975 Aegyptios
1111 896 1189 957 exul

244 986 387 1067 vixisset,
411 1004 487 1047 cum
509 984 545 1045 in
567 1002 675 1063 regem
698 984 817 1047 electus
835 989 919 1046 esset
921 983 1189 1065 ,Aegyptiorum

245 1075 312 1137 cult
298 1080 350 1137 tus
373 1073 528 1138 invexit
518 1093 556 1134 ιιι
577 1091 713 1153 regnum
728 1072 898 1148 Israel‚t
860 1077 898 1134 ut
920 1078 953 1135 et
966 1072 1110 1137 firmaret
1124 1072 1190 1135 sibi

245 1184 398 1244 regnum,
438 1164 467 1226 si
499 1182 566 1225 non
599 1161 786 1225 ascenderet
818 1162 958 1243 populus
992 1160 1035 1223 ad
1069 1162 1191 1224 usitata

246 1273 337 1316 sacra
380 1252 417 1315 in
453 1251 675 1325 Hierusalem,
723 1255 756 1313 et
797 1250 859 1311 hac
895 1250 1020 1313 ratione
1058 1270 1190 1330 quoque

246 1342 422 1421 Aegyptios
444 1339 567 1403 vicinos
590 1340 654 1402 sibi
676 1337 860 1403 devinciret.
907 1339 1076 1401 Sacrorum
1100 1339 1191 1401 enim

246 1428 424 1492 similitudo
447 1448 513 1490 non
536 1428 690 1507 exiguum
716 1428 800 1489 inter
826 1427 974 1490 homines
1002 1433 1053 1491 est
1079 1426 1190 1491 vincu-

246 1517 325 1579 lum
372 1517 462 1578 Sicut
483 1521 613 1597 econtra
635 1515 753 1580 diversi
776 1516 880 1579 cultus
903 1515 1017 1578 odium
1033 1517 1189 1580 excitant

337 1604 400 1667 Sed
422 1590 592 1666 mirabitur
614 1590 741 1684 aliquis,
767 1604 928 1707 quomodo
943 1605 1112 1667 Ierobeam
1126 1605 1191 1669 hoc

248 1694 389 1776 potuerit
411 1694 574 1775 perficere,
604 1712 680 1755 cum
702 1698 780 1756 nota
802 1694 921 1756 ιιιιι
913 1714 949 1755 ιιι
976 1694 1039 1757 hoc
1068 1694 1192 1775 populo

247 1783 383 1847 historia
404 1782 531 1859 deserti,
554 1782 613 1844 ubi
634 1787 682 1844 ιιι
658 1782 729 1845 'tuli
751 1782 855 1845 cultus
878 1802 945 1844 ιιοιι
959 1782 1065 1845 solum
1080 1783 1192 1865 palam

248 1873 431 1948 damnatus,
455 1870 633 1934 sedetiam
657 1870 1099 1952 populusideomulctatus,
1124 1878 1193 1935 eta

248 1961 368 2026 Levitis
390 1959 507 2041 viginti
528 1958 591 2023 tria
612 1960 785 2022 hominum
806 1960 909 2021 millia
931 1979 997 2023 uno
1013 1960 1066 2022 die
1081 1980 1125 2022 ex
1138 1982 1191 2025 vo·

247 2052 373 2114 luntate
396 2049 522 2114 domini
544 2048 650 2112 occisa
671 2053 787 2112 essent.
832 2049 923 2112 Haec
940 2048 1077 2114 historia
1091 2050 1192 2114 etiam

248 2140 345 2218 vulgo
368 2145 446 2201 nota
467 2139 544 2215 fuit,
575 2138 696 2200 mirum
718 2137 817 2217 igitur
844 2144 907 2215 ιιι,
936 2137 1025 2226 quod
1054 2144 1087 2202 et
1109 2140 1191 2202 Iero-

249 2227 345 2289 beam
367 2245 465 2288 ausus
487 2227 531 2289 ιιι
548 2226 672 2288 iamdiu
688 2227 879 2290 damnatum
894 2228 1018 2290 cultum
1033 2247 1191 2305 revocare,

249 2321 283 2378 et
315 2316 455 2397 populus
489 2334 565 2376 eum
594 2315 769 2378 admiserit.
815 2315 879 2378 Sed
907 2317 970 2379 hoc
997 2315 1109 2398 ipsum
1141 2339 1192 2380 ex-

250 2407 396 2486 emplum
418 2423 477 2467 nos
499 2409 619 2481 monet,
643 2403 733 2466 nihil,
747 2409 816 2467 tam
838 2423 933 2486 posse
956 2404 1066 2468 doceri
1084 2407 1192 2470 absur-

250 2497 341 2572 dum,
365 2493 454 2575 quod
476 2493 625 2557 homines
648 2492 794 2557 destituti
808 2493 915 2570 verbo,
940 2500 997 2558 aut
1011 2496 1123 2558 verbo
1127 2515 1194 2558 non

251 2581 462 2658 attendentes,
487 2603 553 2645 non
571 2583 713 2684 probent
735 2588 768 2645 et
790 2589 979 2662 sequantur,
1003 2585 1195 2664 praesertim

249 2671 281 2732 si
316 2670 493 2750 impiorum
530 2670 715 2751 principum
753 2671 897 2733 studium
935 2677 968 2734 et
1005 2674 1194 2755 exemplum

250 2748 392 2819 accedat.

342 2845 417 2908 Sine
440 2844 540 2909 dubio
564 2852 673 2909 autem
688 2848 855 2911 Ierobeam
878 2847 976 2911 simili
998 2849 1123 2912 ratione
1144 2851 1194 2913 de-

252 2935 358 2998 fendit
379 2936 503 2998 factum
518 2955 623 3014 suum,
648 2957 713 3017 quo
731 2937 878 3020 papistae
893 2937 990 3000 hodie
1007 2937 1194 3019 impietates

252 3025 490 3088 etidolatriam
520 3045 613 3088 suam
642 3024 838 3102 defendunt,
872 3045 947 3088 cum
974 3026 1106 3104 dicunt,
1136 3047 1196 3092 nos

252 3135 388 3177 numero
410 3134 530 3196 paucos
552 3135 637 3179 nova
663 3114 815 3194 dogmata
837 3115 946 3195 sequi,
977 3135 1062 3195 quae
1091 3117 1198 3180 multa

251 3209 337 3266 ιιιιο
366 3203 473 3266 secula
498 3203 685 3283 ignorarint.
735 3197 805 3266 ¹Sic
827 3204 993 3267 Ierobeam
1022 3209 1057 3266 et
1082 3205 1196 3269 vitulo·

251 3289 327 3356 rum
354 3291 498 3355 sacerdot
485 3298 548 3368 t,es
579 3293 753 3369 Camarim,
783 3292 923 3356 riserunt
942 3292 1075 3370 Iudam,
1107 3291 1197 3374 quod

252 3383 338 3446 inter
367 3394 479 3444 omnes
508 3381 607 3444 totius
635 3388 738 3445 terrae
766 3381 904 3463 populos
932 3387 965 3444 et
990 3401 1092 3462 regna
1121 3402 1144 3446 ιι

253 3470 429 3551 peculiares
451 3470 556 3533 cultus
578 3471 737 3534 retineret
783 3471 923 3552 Aegypti
945 3489 1083 3551 regnum
1113 3472 1148 3535 ιιι

345 3678 483 3743 1)Vituli
508 3680 602 3736 cultus
624 3679 767 3748 quomodo
792 3697 809 3735 a
833 3681 1098 3752 pseudoprophetis
1124 3701 1136 3740 o

255 3748 417 3802 mandatus.
