2575 4225
196 251 260 313 140
540 249 779 329 Prolegomena.

191 429 251 505 lae,
275 447 378 508 quum
400 427 590 490 festinanter
611 427 700 508 typis
723 424 987 503 exscriberentur,
1010 427 1132 507 partim
1234 445 1238 450 ·

191 523 322 598 propter
348 516 502 598 temporis
529 515 712 595 angustiam
741 520 816 595 post
851 514 991 595 priorem
1025 535 1131 596 recog·

191 605 349 668 nitionem
371 605 413 667 ab
436 611 545 668 autore
560 604 787 683 Norimbergae
809 603 976 665 habitante
999 604 1130 681 factam,

191 695 311 775 partim
355 701 429 774 post
473 693 681 774 posteriorem
726 691 871 754 eiusdem
922 695 1041 756 autoris
1094 695 1132 756 in

191 782 394 844 emendando
429 801 539 845 curam
573 781 661 863 prelo
696 781 884 844 commissae
919 801 956 843 ac
993 782 1132 846 traditae

191 877 276 933 sunt.
323 872 395 945 Qua
417 871 457 933 de
480 890 577 934 causa
591 870 626 932 in
641 889 745 932 unum
760 869 911 949 idemque
927 890 1008 952 opus
1023 872 1132 934 variae

189 959 342 1023 lectiones
364 959 548 1023 incidenmt
570 966 603 1022 et
625 958 703 1039 quia
731 959 874 1038 singulae
898 958 1044 1040 plagulae
1068 961 1131 1042 pri·

189 1067 282 1110 mum
304 1049 530 1112 tantummodo
546 1054 703 1111 correctae
719 1067 793 1110 oum
814 1048 854 1110 iis
870 1067 952 1127 quae
968 1054 1133 1130 postremo

189 1139 369 1217 recognitae
392 1138 532 1214 fuerunt,
557 1139 626 1200 sine
650 1135 788 1216 eligendi
811 1136 932 1198 iudicio
960 1139 1132 1201 commixti

189 1233 275 1302 sunt,
299 1228 372 1289 talis
395 1247 493 1307 quem
516 1226 680 1308 exploravi
703 1224 868 1288 dissensus
896 1226 1132 1307 exemplarium

189 1314 258 1376 fieri
280 1316 395 1395 potuit.

278 1403 438 1466 Editionis
460 1404 615 1485 principis
645 1407 814 1466 contextus
843 1403 999 1484 repetitus
1022 1409 1071 1467 est
1091 1405 1132 1467 in

188 1490 330 1555 editione
353 1492 465 1554 furtim
488 1492 587 1568 faeta,
623 1493 715 1554 cuius
749 1492 915 1572 inscriptio
948 1493 1029 1555 haec
1063 1498 1126 1556 est:

532 1698 593 1772 ΙΝ
618 1692 779 1774 HOSE

421 1806 487 1873 All
507 1806 789 1889 PnoPHuTnn
811 1803 887 1874 RE·

379 1905 546 1962 vanuum
563 1907 602 1963 Ι).
621 1907 785 1963 multu
803 1907 927 1965 Lvran

347 1989 375 2048 ri
402 1990 547 2052 Doctoris
574 1990 754 2070 Theologiae
783 1990 960 2066 Enarratio,

370 2086 411 2147 ab
434 2087 505 2169 ipso
529 2087 554 2149 b
576 2087 611 2150 in
634 2088 772 2170 publicis
796 2087 945 2170 praelecti-

460 2186 576 2248 onibus
598 2185 726 2262 tradita,
751 2184 776 2247 t
798 2206 850 2267 po-

521 2288 589 2345 stea
610 2283 782 2363 recognita.

400 2372 630 2443 conluunt
653 2375 746 2443 PER
768 2376 912 2443 VITVM

379 2472 604 2542 Theodorum
627 2473 932 2559 limburgensem,

426 2574 525 2637 Plena
546 2577 601 2659 pie
624 2575 777 2638 doctrinae
801 2576 825 2638 b
848 2597 884 2639 sa

495 2672 650 2735 lutarium
674 2674 812 2736 consola-

586 2769 722 2833 tionum.

398 2864 695 2929 FRANOOFVRTI
717 2868 778 2931 EX
801 2868 907 2931 OFFI-

328 2964 398 3023 ca'na
419 2962 506 3025 Petri
525 2964 706 3037 Bnrhactii,
729 2965 823 3029 Anno
846 2964 979 3028 Domini

520 3059 562 3115 u.
598 3060 637 3136 o.
673 3060 781 3117 xm.

273 3255 374 3346 [Quae
397 3264 432 3325 in
454 3265 516 3327 hac
538 3266 748 3348 inscriptione
776 3269 999 3350 pinguioribus
1021 3270 1125 3333 literis

182 3349 334 3414 denotata
357 3357 446 3427 sunt,
477 3352 513 3414 in
541 3354 624 3418 libro
654 3357 725 3438 ipso
755 3358 860 3421 rubris
884 3358 1042 3421 coloribus
1064 3358 1123 3421 im·

181 3458 291 3518 pressa
314 3434 448 3525 extant]
806 3471 809 3475 ·

270 3528 365 3591 Liber
380 3530 560 3593 octonariae
575 3532 697 3596 formae
713 3539 745 3597 et
759 3534 914 3598 XXXIII.
932 3543 965 3599 et
979 3535 1124 3600 semissis

182 3614 384 3695 plagatorum
407 3625 465 3694 est,
489 3640 627 3699 quarum
650 3622 771 3703 priores
801 3630 865 3688 tre's
888 3629 921 3686 et
947 3624 1124 3687 dimidium

183 3709 315 3783 quartae
347 3708 522 3784 ‚Aa-Dd‘,
553 3710 667 3773 ΧΧΠΙ
702 3719 871 3792 sequentes
899 3714 1026 3789 ,A-Z‘,
1057 3713 1123 3774 VH
1221 3752 1223 3761 ,
