2575 4225
206 275 270 338 530
528 271 660 335 Additio
683 272 816 334 Lutheri

205 472 264 514 nos
288 455 396 526 sonat,
421 448 461 511 de
484 448 683 530 pestilentia,
714 467 779 527 qua
801 445 956 510 occiditur
978 466 1082 522 mors,
1111 453 1145 510 et

195 535 245 602 'de
269 537 460 620 pestilentia,
485 556 567 616 quae
590 556 649 598 nos
673 535 798 598 occidit.

294 628 368 708 Ipse
398 621 519 687 autem'
536 645 611 686 curn
640 625 749 686 Hosea
778 622 961 686 indubitate
989 623 1142 704 loquitur,
1256 676 1276 713 ξ.

205 716 246 778 de
269 715 373 777 activa
394 714 507 775 mortis
530 713 722 794 pestilentia,
747 731 812 792 qua
835 731 893 773 nos
908 711 1034 787 occidit,
1059 712 1145 774 sicut
1255 766 1262 793 ,

163 855 166 858 .
206 809 334 866 econtra
368 801 409 864 dc
437 801 666 864 resurrectione
697 806 805 863 nostra
833 800 976 879 loquitur
1004 800 1142 881 passiva,
1255 812 1263 835 r

205 912 271 972 qua
299 911 359 955 nos
393 891 633 966 resuscitamur,
671 910 737 951 uon
771 890 812 951 de
846 889 950 951 activa
983 889 1145 969 personali

205 981 327 1048 Christi
347 979 585 1053 resurrectione,
609 998 692 1058 quae
715 983 764 1040 est
786 978 930 1040 effectrix
953 983 1079 1040 nostrae
1098 997 1143 1038 re·

206 1067 419 1144 surrectionis,
443 1074 481 1130 ut
503 1067 680 1130 clarissima
702 1071 778 1129 sunt
800 1066 897 1129 verba
911 1065 1004 1128 Pauli
1012 1062 1039 1126 z*
1062 1065 1145 1127 Cum

206 1164 316 1220 autem
337 1157 470 1219 mortale
492 1156 555 1219 hoc
576 1154 718 1217 induerit
744 1154 1036 1230 immortalitatem,
1067 1160 1145 1216 tunc

205 1247 262 1309 fiet
284 1265 410 1321 sermo,
430 1245 487 1324 qui
509 1244 648 1325 scriptus
671 1248 733 1305 est:
766 1243 832 1304 Ubi
854 1248 903 1304 est
924 1261 1011 1305 mors
1034 1243 1144 1304 stimu-
1253 1297 1259 1304 .

205 1335 257 1397 lus
285 1341 361 1397 tuus
391 1339 450 1410 etc.
496 1333 586 1395 Licet
614 1331 802 1394 resurrectio
831 1335 941 1393 nostra
967 1331 1146 1393 necessaria

207 1422 436 1502 consequentia
458 1421 722 1483 resurrectionem
745 1419 864 1482 Christi
886 1425 919 1482 et
940 1425 1070 1482 econtra
1099 1419 1145 1480 in·

207 1511 255 1573 fer
275 1517 303 1585 t,
339 1515 376 1572 ut
406 1510 468 1570 fert
495 1514 611 1571 natura
639 1509 858 1583 relativorum,
895 1513 927 1570 et
955 1508 1033 1570 satis
1063 1507 1146 1570 clare
1265 1532 1267 1534 ·

207 1597 411 1680 praedicatur
437 1595 534 1660 verbo
562 1595 782 1677 praecedenti,
819 1596 859 1658 de
892 1615 993 1659 manu
1027 1595 1147 1657 inferni

207 1686 366 1749 redimam
388 1704 453 1761 eos,
477 1683 518 1746 de
540 1692 643 1748 morte
666 1685 810 1748 liberabo
833 1704 896 1748 eos.
979 1689 987 1702 “
1098 1758 1102 1771 γ

296 1774 455 1837 Fortassis
485 1774 619 1837 auctius
649 1774 751 1837 voluit
778 1772 818 1836 de
847 1793 881 1835 re
908 1778 999 1836 tanta
1031 1773 1145 1850 dicere,

207 1869 241 1927 et
266 1863 392 1926 Hoscae
422 1862 556 1926 verbum
585 1862 787 1943 pestilentiae
817 1868 905 1938 tuae,
933 1862 1021 1926 velut
1040 1862 1147 1943 plebe·

207 1953 292 2027 ium,
328 1951 482 2014 castrensi
517 1956 550 2011 et
582 1951 729 2026 militari,
766 1969 823 2013 seu
855 1950 1005 2013 latronali
1038 1951 1147 2032 potius

206 2040 304 2103 verbo
328 2039 539 2122 amplificare,
564 2038 687 2101 sufficet
709 2037 854 2116 stimulo,
884 2059 949 2119 quc
971 2059 1058 2102 mors
1081 2039 1147 2102 non

208 2150 267 2192 ceu
294 2130 382 2191 lenta
409 2134 516 2211 peste,
549 2127 606 2190 sed
633 2134 703 2191 tota
730 2129 763 2192 vi
790 2129 890 2191 semel
918 2134 1023 2191 totum
1046 2148 1147 2208 genus
1252 2174 1258 2183 .

207 2220 390 2279 humanum
418 2216 598 2280 confoderit
631 2223 664 2279 et
695 2216 867 2281 confecerit
900 2216 935 2279 in
969 2222 1145 2280 aeternum.

208 2308 342 2388 Oportet
364 2306 452 2368 enim
473 2306 528 2369 hic
558 2305 730 2386 emphasin
759 2305 925 2369 observare
952 2306 988 2367 in
1016 2306 1148 2368 stimulo

208 2396 331 2458 mortis.
378 2395 462 2456 Nam
484 2395 512 2457 si
535 2394 716 2457 solitarium
738 2393 876 2470 dicatur,
908 2394 1059 2457 stimulus
1091 2414 1147 2457 seu

209 2484 348 2558 aculeus,
360 2483 553 2547 leviusculae
565 2482 808 2563 significationis
817 2487 873 2557 est,
881 2502 956 2544 cum
965 2483 1148 2563 etapiculae

209 2578 242 2635 et
252 2572 443 2634 minutiores
454 2591 578 2634 vermes
588 2571 731 2633 habeant
743 2571 890 2634 aculeum
903 2591 959 2633 seu
967 2571 1145 2634 stimulum.

299 2659 361 2721 Sed
384 2660 412 2721 si
435 2658 544 2734 addas,
568 2660 692 2735 mortis,
716 2660 783 2721 iam
806 2660 934 2722 aculeus
958 2679 1015 2722 seu
1037 2660 1146 2723 stimu-

209 2749 260 2809 lus
283 2747 385 2807 maior
407 2752 456 2807 est
478 2751 546 2808 toto
561 2748 693 2823 mundo,
719 2767 756 2809 ac
770 2749 867 2828 plane
882 2753 1001 2825 tantus,
1026 2754 1148 2829 quanta

209 2835 282 2917 ipsa
303 2853 389 2897 mors
416 2839 479 2916 cst,
511 2832 644 2896 domina
672 2841 704 2898 et
731 2841 870 2916 tyranne
899 2837 1019 2899 scilicet
1048 2837 1147 2899 totius

210 2924 335 3003 generis
358 2922 495 2985 humani
518 2943 537 2985 a
558 2923 716 3003 principio
733 2924 848 2986 mundi
862 2924 1022 3003 usquead
1037 2924 1145 2987 finem.

210 3012 300 3074 Sicut
322 3011 350 3072 si
372 3011 506 3075 verbum
533 3010 623 3073 dicas
654 3012 845 3087 solitarium,
875 3013 959 3074 exile
989 3012 1148 3092 quiddam

210 3100 381 3179 cogitatur,
410 3100 530 3161 scilicet
556 3099 685 3178 loquela
711 3100 866 3177 hominis,
902 3101 958 3162 sed
989 3101 1017 3163 si
1047 3100 1147 3167 addas

210 3188 281 3265 dei,
311 3188 377 3249 iam
399 3187 534 3251 verbum
556 3188 661 3250 maius
689 3193 737 3250 est
765 3193 834 3251 tota
861 3194 1018 3265 creatura,
1049 3189 1148 3252 ctiam

210 3277 283 3357 ipsa
304 3280 407 3339 morte
430 3281 462 3337 et
484 3275 621 3339 inferno.

299 3364 449 3427 Libenter
478 3364 576 3426 etiam
610 3364 763 3439 dicerem,
799 3365 935 3427 Paulum
969 3365 1147 3446 respexisse

211 3454 253 3515 ad
276 3454 444 3517 stimulum
460 3453 598 3526 Goliath,
623 3454 681 3532 qui
704 3453 805 3531 figura
821 3452 884 3515 fuit
898 3454 1020 3516 mortis.
1055 3453 1145 3516 Idem

211 3542 354 3604 fortassis
398 3541 501 3603 fecere
546 3541 663 3602 Ebraei
708 3546 781 3603 ante
819 3541 899 3602 Lxx.
957 3542 1023 3603 Vix
1060 3542 1149 3604 enim

220 3697 223 3699 v
300 3732 327 3799 ⁸)
345 3733 382 3784 In
400 3747 486 3798 marg.
506 3732 569 3786 coll.
589 3732 664 3785 Ian:
685 3731 708 3783 1.
729 3714 791 3785 Cor.
811 3729 853 3785 15.
