2575 4225
196 229 262 298 274
537 228 641 309 Caput
663 228 795 291 tertium

196 416 229 475 et
251 408 356 471 David
385 427 493 487 regem
522 426 626 468 suum.
674 404 818 469 Profecto
848 406 985 485 insignis
1014 407 1138 486 concio,

196 500 225 565 si
253 503 338 561 recte
368 496 553 577 explicetur.
599 495 683 559 Vere
718 494 806 557 enim
835 496 951 576 probat
973 498 1061 575 quod
1084 499 1138 561 do-

195 587 304 649 minus
327 585 405 647 alibi
428 584 521 647 dicit:
545 583 626 647 Nolo
649 588 787 647 mortem
809 585 994 664 peccatoris,
1020 587 1078 649 sed
1100 594 1141 651 ut

89 705 96 715 ·
197 678 399 739 convertatur
420 679 454 738 et
475 674 572 736 vivat.

290 758 370 825 ¹Sed
392 762 472 842 quid
494 768 544 825 cst
572 761 735 824 converti?
780 761 879 825 Aliud
908 762 1003 838 nihil,
1037 782 1140 845 quam.

197 852 325 917 obedire
348 850 529 931 evangelio,
560 849 648 929 quod
671 850 777 929 arguit
803 850 965 913 mundum
993 851 1034 914 de
1066 872 1140 933 pec-

196 948 282 1017 cato,
315 940 355 1003 de
378 940 521 1016 iusticia,
552 941 585 1002 et
611 938 740 1001 iudicio.
787 939 883 1002 Porro
912 946 1082 1021 peccatum
1109 943 1140 1003 si

195 1036 322 1093 tantum
346 1028 486 1110 accipias
507 1048 566 1109 pro
589 1027 723 1090 crimine
738 1026 879 1091 admisso
895 1034 1006 1091 contra
1019 1029 1138 1108 legem,
1243 1066 1249 1089 .
1283 1048 1285 1055 ’

195 1120 293 1182 etiam
316 1119 396 1181 ratic
419 1117 454 1180 id
473 1117 595 1179 iudicat
609 1121 642 1177 et
657 1116 815 1195 intelligit.
855 1116 917 1179 Sed
934 1118 1139 1197 evangelium

196 1207 339 1271 ostendit
352 1212 455 1270 totam
469 1205 612 1267 hominis
627 1210 777 1267 naturam
793 1212 923 1286 peccato
939 1212 1138 1287 corruptam,

195 1301 228 1358 et
255 1303 412 1375 tanquam
437 1313 599 1358 venenum
627 1314 686 1374 per
712 1312 824 1356 omnes
852 1295 992 1376 corporis
1027 1301 1140 1376 partes

195 1384 360 1446 diffusum.
396 1383 497 1462 ¹Haec
526 1382 666 1461 cognitio
695 1381 805 1445 delicit
831 1384 991 1459 animum,
1020 1390 1054 1447 et
1084 1404 1139 1446 ex—

194 1473 268 1534 imit
290 1471 509 1546 securitatem,
541 1490 578 1532 ac
600 1472 741 1534 concitat
762 1490 874 1535 verum
897 1472 1046 1535 timorem
1069 1475 1140 1537 irae

195 1567 227 1623 et
259 1560 372 1622 iudicii
406 1560 518 1623 divini.
571 1560 678 1639 Atque
710 1559 747 1623 hi
781 1566 915 1623 terrores
953 1561 1140 1627 occiderent

194 1650 371 1725 hominem,
401 1648 466 1711 nisi
488 1649 691 1738 evangelium
718 1668 793 1711 cum
826 1649 888 1713 hac
917 1648 1065 1712 doctrina
1094 1652 1138 1714 de

194 1743 324 1819 peccato
358 1738 565 1818 coniungeret
598 1737 696 1799 aliam
729 1737 909 1803 doctrinam
937 1738 977 1801 de
1005 1740 1141 1803 iusticia

193 1834 226 1890 ct
248 1827 377 1890 iudicio.
1129 1872 1131 1875 -

281 1916 355 1979 Non
377 1921 487 1978 autem
508 1915 623 1978 tribuit
643 1914 805 1978 iusticiam
827 1916 944 1979 nostris
971 1918 1137 1997 operibus,

194 2005 259 2085 qui⁴
274 2025 386 2067 sumus
416 2011 531 2067 natura
556 2004 649 2080 mali,
679 2003 735 2066 sed
763 2004 913 2085 operibus
936 2005 1069 2083 Christi,
1102 2014 1139 2071 et

193 2094 296 2170 iubet,
326 2100 364 2156 ut
385 2114 424 2156 ea
445 2099 625 2157 statuamus
650 2092 691 2156 ad
719 2113 779 2156 nos
809 2093 983 2174 pertinere,
1015 2101 1048 2158 et
1075 2118 1139 2178 pro

193 2183 286 2244 nobis
310 2188 459 2263 suscepta
481 2203 559 2245 esse.
605 2183 678 2245 Hac
700 2183 764 2244 fide
782 2184 948 2262 eriguntur
964 2185 1076 2262 animi,
1103 2194 1139 2249 et

193 2270 355 2352 incipiunt
376 2271 474 2333 deum
497 2271 648 2351 deligere,
678 2290 716 2332 ac
741 2271 960 2335 misericordia
990 2272 1060 2336 eiua
1089 2274 1137 2336 di-

193 2366 286 2423 scant
307 2360 378 2424 niti.
424 2360 538 2439 Itaque
562 2359 706 2440 sequitur
733 2360 891 2422 iudicium
919 2381 1063 2442 quoque,
1096 2371 1138 2426 ut

192 2449 276 2510 nihil
303 2455 452 2514 metuant
474 2448 610 2511 Satanae
639 2449 760 2525 minas,
792 2454 912 2512 norunt
938 2450 1026 2512 enim
1056 2471 1137 2513 eum

192 2538 379 2613 iudicatum,
392 2539 464 2600 'nec
487 2543 666 2617 sequuntur
681 2557 756 2600 eum
771 2543 928 2617 tanquam
944 2545 1133 2618 tyrannum,
1259 2603 1267 2613 ,

192 2625 249 2688 sed
271 2645 329 2706 per
351 2626 503 2706 spiritum
525 2632 673 2688 sanctum
695 2646 729 2689 se
752 2627 783 2688 ci
804 2633 983 2708 opponunt,
1011 2634 1044 2691 et
1067 2629 1136 2692 lide

191 2714 326 2776 vincunt
348 2719 482 2776 conatus
505 2714 583 2776 eius.

284 2795 393 2865 'Haec
414 2802 514 2882 igitur
535 2809 585 2864 est
605 2822 681 2865 vera
696 2805 869 2880 conversio,
895 2804 1022 2867 credere
1038 2825 1134 2869 evan-

190 2891 273 2971 gelio
302 2892 450 2972 arguenti
477 2897 663 2972 peccatum,
696 2897 728 2955 et
750 2892 879 2956 docenti
905 2893 1069 2956 iusticiam
1099 2901 1136 2959 et

189 2981 357 3043 iudicium.
402 2980 499 3043 Hanc
521 2981 762 3044 conversionem
785 2983 943 3061 sequitur,
968 2987 1006 3045 ut
1028 2983 1135 3046 domi—

176 3089 270 3131 num
300 3074 471 3150 quaerant,
503 3070 566 3133 hoc
592 3075 650 3146 est,
679 3076 717 3133 ut
745 3069 928 3149 innitantur
949 3071 1060 3148 verbo,
1092 3079 1136 3136 ut

190 3158 349 3221 retineant
375 3179 467 3221 veros
498 3159 616 3235 cultus,
648 3163 686 3220 ut
711 3158 894 3222 idolatriam
921 3160 1063 3240 fugiant,
1092 3167 1136 3226 ut

181 3252 358 3310 :exerceant
385 3247 421 3308 in
447 3248 596 3327 periculis
625 3247 724 3310 fidem
754 3254 787 3310 et
807 3249 1059 3324 invocationem,
1092 3257 1136 3314 ut

188 3337 269 3399 alios
285 3335 326 3398 ad
342 3336 530 3415 religionem
545 3336 683 3400 invitent
696 3336 798 3400 libera
812 3337 1011 3400 confessione
1027 3339 1132 3416 verbi,

188 3431 226 3488 ut
254 3427 290 3487 in
317 3425 468 3488 omnibus
496 3425 670 3506 respiciant
696 3425 737 3488 ad
768 3425 821 3488 dei
848 3427 1064 3504 voluntatem,
1097 3436 1136 3493 et

177 3643 189 3653 ·
278 3634 305 3702 1)
326 3633 462 3691 Converti
480 3635 517 3689 ad
536 3636 692 3690 dominum.
730 3636 822 3690 Locus
841 3637 902 3690 Ioh.
921 3635 965 3691 16.
1002 3635 1138 3705 Spiritus

187 3710 307 3761 sanctus
325 3710 424 3772 arguet
441 3707 589 3763 mundum.
626 3707 655 3776 2)
674 3707 815 3772 Quaerere
834 3708 927 3764 deum.
