2575 4225
453 232 579 342 Hoseee
602 280 787 363 prophetae.
1028 283 1090 347 291

146 456 306 537 populum
329 455 454 519 dedeo
477 463 510 520 et
532 456 621 522 cultu
644 456 712 535 dei,
739 465 777 523 ut
799 458 1011 540 deprecentur
1033 481 1092 543 pro

146 546 270 696 mio
292 544 406 623 deum,
436 552 475 609 ut
496 547 595 612 etiem
617 566 708 611 suoru
730 568 789 631 pro
815 548 936 630 populo
959 549 1090 614 faciant.

259 634 370 696 omnia
384 635 613 715 augustissime
635 644 721 713 sunt,
746 636 803 700 sed
822 637 899 718 quia
921 638 1092 703 discedunt

147 723 288 800 everbo,
313 729 346 786 et
368 744 434 787 non
454 724 579 789 fseiunt
601 733 778 805 quaesunt
798 727 979 804 ministerii,
1003 728 1091 793 huno

147 818 306 890 ornatum,
329 812 392 876 hoc
415 820 472 890 est,
496 814 714 877 ministerium
738 815 847 898 ipsum
870 814 916 879 eis
936 815 1090 893 adimam,

146 901 262 980 inquit,
287 908 320 964 et
335 903 465 983 replebo
487 922 541 966 eos
556 904 744 985 ignominis,
769 911 806 968 ut
820 904 952 969 videant
967 907 1090 969 cultum

146 1008 243 1053 suum
264 991 416 1053 inutilem
439 1012 517 1069 esee,
542 998 575 1055 et
597 1012 664 1055 non
686 993 812 1075 placere
835 992 927 1057 mihi.

189 1200 417 1311 Peccatum
460 1204 607 1288 populi
651 1208 729 1269 mei
774 1206 1000 1284 comeduut,
1050 1215 1091 1271 et

250 1293 388 1357 anima
427 1314 561 1358 eorum
600 1295 827 1359 delectatur
864 1296 1090 1377 iniquitate

190 1401 335 1446 eorum.

188 1613 285 1658 omen
300 1596 424 1678 peoosti
447 1597 581 1673 ‚hatath‘
605 1619 672 1662 non
692 1604 820 1663 tantum
842 1607 1015 1680 usurpatur
1030 1622 1090 1683 pro

144 1748 151 1751 .
210 1692 311 1763 reatu,
336 1686 393 1749 sed
417 1686 515 1749 etiam
537 1707 597 1769 pro
612 1687 798 1769 expiatione
820 1695 936 1764 reatus,
961 1706 1018 1752 seu
1041 1710 1087 1752 sa·

142 1774 277 1851 orificio,
321 1775 406 1838 sieut
438 1775 557 1846 Paulus
594 1796 760 1856 quoquam
797 1776 882 1839 hano
916 1778 1088 1840 Ebraicam

141 1864 277 1943 phrasin
292 1858 450 1941 secutus,¹
478 1864 643 1929 Christum
666 1865 746 1929 dicit
759 1870 929 1947 peceatum
952 1865 1086 1942 factum,

140 1954 204 2015 hoe
227 1960 291 2029 est,
314 1954 455 2017 hostiam
477 1973 535 2017 seu
557 1954 724 2018 victimam
748 1974 809 2037 pro
828 1948 998 2035 peccarint
1047 1954 1087 2017 in

140 2041 203 2107 hae
226 2042 388 2111 sententia
410 2042 509 2106 etiem
531 2043 685 2111 hocloco
715 2043 879 2125 accipitur.
925 2044 965 2107 In
988 2044 1088 2107 altera

140 2139 233 2213 purte
264 2132 442 2195 sententiae
475 2132 614 2196 ostelia
643 2133 770 2214 phrasis
810 2134 875 2210 ‚Isu
902 2133 1085 2214 Naphsoho‘

139 2223 330 2294 levaverunt
355 2221 510 2287 enimam.
564 2222 660 2284 Hane
689 2223 749 2286 etsi
786 2221 842 2284 alii
872 2221 964 2288 aliter
991 2224 1086 2286 inter-

139 2316 324 2391 pretantur,
356 2318 468 2377 temon
494 2312 672 2376 rectissime
701 2311 828 2376 videtur
854 2312 991 2392 exponi,
1027 2333 1087 2393 pro

138 2420 261 2480 magno
282 2399 452 2477 desiderio,
482 2419 559 2465 oum
580 2399 698 2480 uliquis
722 2400 818 2470 avide.
837 2399 961 2480 aliquid
985 2402 1084 2481 cupit.

172 2537 175 2543 .
229 2487 294 2550 Sed
321 2489 404 2568 quid
431 2488 485 2552 hio
514 2489 593 2554 novi
626 2490 751 2552 oritur?
800 2487 888 2553 Num
918 2493 1085 2567 peccatum

140 2579 204 2642 fuit
225 2577 315 2642 vesei
344 2578 510 2642 sacrifieiis
538 2585 572 2641 et
600 2576 759 2640 desituri
788 2575 976 2640 oomsdere?
1022 2577 1085 2640 Cur

6 2674 9 2693 ‘
138 2668 239 2748 igitur
263 2667 408 2748 profanis
431 2673 498 2730 tam
522 2667 604 2730 serio
623 2666 833 2731 interdictum
856 2665 920 2730 fuit
942 2686 961 2728 a
984 2685 1084 2730 sacro·

137 2775 212 2828 nun
238 2757 320 2818 eeu?
375 2756 438 2819 Cur
466 2756 642 2823 Maeonias
678 2763 746 2822 tam
780 2757 924 2820 minatur
958 2775 1086 2822 saevere

138 2844 348 2910 offerentibus
379 2862 504 2910 mseras
527 2852 560 2908 et
587 2844 724 2910 niciosus
745 2845 893 2910 hostias?
938 2844 1000 2907 Sed
1021 2846 1085 2909 hoo

6 2936 8 2973 i
136 2955 205 2998 non
234 2940 285 2996 eet
312 2941 480 3016 peecatum
502 2933 599 3010 illud,
631 2933 720 3014 quod
749 2934 907 3015 propheta
935 2934 989 2996 hie
1016 2939 1085 2996 tam

6 3012 8 3095 ἔ
137 3025 221 3095 serio
244 3022 397 3099 damnet,
427 3023 515 3086 uliud
538 3023 644 3090 mnus
673 3027 707 3087 et
733 3023 861 3102 gravius
887 3022 972 3100 agit,
1002 3022 1086 3086 siout

137 3113 236 3185 verba
255 3113 425 3192 sequeutia
439 3112 624 3188 ostendunt,
641 3131 768 3191 nempe,
790 3109 878 3190 quod
893 3109 1083 3187 sacerdotes,
1135 3163 1146 3173 .

136 3208 175 3264 ut
196 3194 380 3267 uberiorem
402 3207 554 3282 questum
576 3201 746 3277 haherent,
776 3197 959 3264 invitabant
984 3219 1083 3280 popu-

135 3291 207 3352 lum
241 3290 285 3353 ad
312 3291 454 3353 mosaica
481 3289 653 3367 sacrificio,
692 3297 725 3352 et
751 3289 791 3351 de
825 3309 900 3360 vero
929 3288 1084 3352 sacrificio

177 3379 197 3442 ii
226 3379 280 3444 dei
310 3379 393 3442 nihil
421 3380 589 3443 docebant.
643 3378 706 3441 Sed
740 3379 931 3460 priusquam
959 3383 1083 3441 senten·

181 3469 453 3546 mostendamus,
477 3468 589 3550 paucis
613 3469 693 3532 ratio
717 3468 945 3536 sacrificiorum
968 3465 1084 3532 veteris

181 3557 325 3622 §tumenti
347 3557 538 3640 explicanda
560 3563 618 3620 est.

229 3768 257 3837 1)
276 3769 358 3823 Rom.
378 3767 402 3822 8.
440 3767 468 3837 2)
487 3765 512 3822 2.
533 3765 662 3822 Corinth.
682 3766 707 3822 6.
766 3719 768 3721 Ι

871 3855 920 3910 19·
