<?xml version="1.0" encoding="UTF-8"?>
<!DOCTYPE html PUBLIC "-//W3C//DTD XHTML 1.0 Transitional//EN"
    "http://www.w3.org/TR/xhtml1/DTD/xhtml1-transitional.dtd">
<html xmlns="http://www.w3.org/1999/xhtml" xml:lang="en" lang="en">
 <head>
  <title>
</title>
<meta http-equiv="Content-Type" content="text/html;charset=utf-8" />
  <meta name='ocr-system' content='tesseract 3.04.00' />
  <meta name='ocr-capabilities' content='ocr_page ocr_carea ocr_par ocr_line ocrx_word'/>
</head>
<body>
  <div class='ocr_page' id='page_1' title='image "./exegeticaoperal13luthgoog_0139.png"; bbox 0 0 2575 4225; ppageno 0'>
   <div class='ocr_carea' id='block_1_1' title="bbox 0 815 2 3782">
    <p class='ocr_par' dir='ltr' id='par_1_1' title="bbox 0 815 2 3782">
     <span class='ocr_line' id='line_1_1' title="bbox 0 815 2 3782; baseline 0 0"><span class='ocrx_word' id='word_1_1' title='bbox 0 815 2 3782; x_wconf 95' lang='lat' dir='ltr'> </span> 
     </span>
    </p>
   </div>
   <div class='ocr_carea' id='block_1_2' title="bbox 207 277 837 359">
    <p class='ocr_par' dir='ltr' id='par_1_2' title="bbox 207 277 837 359">
     <span class='ocr_line' id='line_1_2' title="bbox 207 277 837 359; baseline -0.005 -18"><span class='ocrx_word' id='word_1_2' title='bbox 207 281 271 342; x_wconf 81' lang='lat'>128</span> <span class='ocrx_word' id='word_1_3' title='bbox 501 278 605 359; x_wconf 86' lang='lat' dir='ltr'>Caput</span> <span class='ocrx_word' id='word_1_4' title='bbox 626 277 837 340; x_wconf 85' lang='lat' dir='ltr'>undecimum</span> 
     </span>
    </p>
   </div>
   <div class='ocr_carea' id='block_1_3' title="bbox 202 453 1145 979">
    <p class='ocr_par' dir='ltr' id='par_1_3' title="bbox 202 453 1145 979">
     <span class='ocr_line' id='line_1_3' title="bbox 202 453 1143 537; baseline -0.002 -17"><span class='ocrx_word' id='word_1_5' title='bbox 202 466 254 520; x_wconf 87' lang='lat' dir='ltr'>est</span> <span class='ocrx_word' id='word_1_6' title='bbox 277 458 451 537; x_wconf 77' lang='lat' dir='ltr'>scripturae</span> <span class='ocrx_word' id='word_1_7' title='bbox 474 453 670 518; x_wconf 83' lang='lat' dir='ltr'>utbreviter</span> <span class='ocrx_word' id='word_1_8' title='bbox 693 453 886 535; x_wconf 86' lang='lat' dir='ltr'>perstringat</span> <span class='ocrx_word' id='word_1_9' title='bbox 907 458 1029 518; x_wconf 87' lang='lat' dir='ltr'>veteres</span> <span class='ocrx_word' id='word_1_10' title='bbox 1045 454 1143 518; x_wconf 90' lang='lat' dir='ltr'>histo·</span> 
     </span>
     <span class='ocr_line' id='line_1_4' title="bbox 202 539 1145 622; baseline -0.003 -14"><span class='ocrx_word' id='word_1_11' title='bbox 202 547 285 621; x_wconf 88' lang='lat' dir='ltr'>rias,</span> <span class='ocrx_word' id='word_1_12' title='bbox 310 550 509 607; x_wconf 89' lang='lat' dir='ltr'>nontamen</span> <span class='ocrx_word' id='word_1_13' title='bbox 531 550 650 618; x_wconf 85' lang='lat' dir='ltr'>narret,</span> <span class='ocrx_word' id='word_1_14' title='bbox 682 541 760 622; x_wconf 89' lang='lat' dir='ltr'>quid</span> <span class='ocrx_word' id='word_1_15' title='bbox 784 549 911 622; x_wconf 87' lang='lat' dir='ltr'>gestum</span> <span class='ocrx_word' id='word_1_16' title='bbox 934 539 991 614; x_wconf 87' lang='lat' dir='ltr'>sit;</span> <span class='ocrx_word' id='word_1_17' title='bbox 1016 543 1068 604; x_wconf 91' lang='lat' dir='ltr'>Ita</span> <span class='ocrx_word' id='word_1_18' title='bbox 1090 544 1145 606; x_wconf 91' lang='lat' dir='ltr'>hic</span> 
     </span>
     <span class='ocr_line' id='line_1_5' title="bbox 204 631 1143 716; baseline 0 -21"><span class='ocrx_word' id='word_1_19' title='bbox 204 635 363 716; x_wconf 89' lang='lat' dir='ltr'>propheta</span> <span class='ocrx_word' id='word_1_20' title='bbox 384 633 474 709; x_wconf 88' lang='lat' dir='ltr'>facit,</span> <span class='ocrx_word' id='word_1_21' title='bbox 503 633 615 694; x_wconf 78' lang='lat' dir='ltr'>recitat</span> <span class='ocrx_word' id='word_1_22' title='bbox 635 631 817 707; x_wconf 80' lang='lat' dir='ltr'><strong>historiam,</strong></span> <span class='ocrx_word' id='word_1_23' title='bbox 849 650 931 712; x_wconf 85' lang='lat' dir='ltr'>quae</span> <span class='ocrx_word' id='word_1_24' title='bbox 954 651 1020 693; x_wconf 90' lang='lat' dir='ltr'>non</span> <span class='ocrx_word' id='word_1_25' title='bbox 1044 638 1143 708; x_wconf 87' lang='lat' dir='ltr'>extat,</span> 
     </span>
     <span class='ocr_line' id='line_1_6' title="bbox 203 719 1145 786; baseline -0.003 0"><span class='ocrx_word' id='word_1_26' title='bbox 203 723 262 786; x_wconf 88' lang='lat' dir='ltr'>sed</span> <span class='ocrx_word' id='word_1_27' title='bbox 285 727 395 784; x_wconf 92' lang='lat' dir='ltr'>tamen</span> <span class='ocrx_word' id='word_1_28' title='bbox 418 721 633 785; x_wconf 88' lang='lat' dir='ltr'>videturesse</span> <span class='ocrx_word' id='word_1_29' title='bbox 658 720 824 782; x_wconf 88' lang='lat' dir='ltr'>eiusmodi.</span> <span class='ocrx_word' id='word_1_30' title='bbox 872 719 967 782; x_wconf 83' lang='lat' dir='ltr'>Sama</span> <span class='ocrx_word' id='word_1_31' title='bbox 996 740 1053 781; x_wconf 88' lang='lat' dir='ltr'>rex</span> <span class='ocrx_word' id='word_1_32' title='bbox 1081 720 1145 783; x_wconf 84' lang='lat' dir='ltr'>fuit</span> 
     </span>
     <span class='ocr_line' id='line_1_7' title="bbox 204 808 1145 891; baseline -0.002 -18"><span class='ocrx_word' id='word_1_33' title='bbox 204 812 262 891; x_wconf 93' lang='lat' dir='ltr'>qui</span> <span class='ocrx_word' id='word_1_34' title='bbox 292 811 430 874; x_wconf 85' lang='lat' dir='ltr'>vastavit</span> <span class='ocrx_word' id='word_1_35' title='bbox 459 809 627 890; x_wconf 89' lang='lat' dir='ltr'>tyrannica</span> <span class='ocrx_word' id='word_1_36' title='bbox 655 808 750 871; x_wconf 90' lang='lat' dir='ltr'>caede</span> <span class='ocrx_word' id='word_1_37' title='bbox 780 809 913 871; x_wconf 91' lang='lat' dir='ltr'>domum</span> <span class='ocrx_word' id='word_1_38' title='bbox 942 808 1053 885; x_wconf 87' lang='lat' dir='ltr'>Arnel,</span> <span class='ocrx_word' id='word_1_39' title='bbox 1087 809 1145 871; x_wconf 90' lang='lat' dir='ltr'>ubi</span> 
     </span>
     <span class='ocr_line' id='line_1_8' title="bbox 204 897 850 979; baseline -0.008 -16"><span class='ocrx_word' id='word_1_40' title='bbox 204 906 273 963; x_wconf 90' lang='lat' dir='ltr'>tam</span> <span class='ocrx_word' id='word_1_41' title='bbox 295 907 432 962; x_wconf 88' lang='lat' dir='ltr'>matrem</span> <span class='ocrx_word' id='word_1_42' title='bbox 455 919 554 979; x_wconf 88' lang='lat' dir='ltr'>quam</span> <span class='ocrx_word' id='word_1_43' title='bbox 576 899 659 960; x_wconf 89' lang='lat' dir='ltr'>filios</span> <span class='ocrx_word' id='word_1_44' title='bbox 682 897 850 960; x_wconf 77' lang='lat' dir='ltr'>interfecit.</span> 
     </span>
    </p>
   </div>
   <div class='ocr_carea' id='block_1_4' title="bbox 554 1122 790 1191">
    <p class='ocr_par' dir='ltr' id='par_1_4' title="bbox 554 1122 790 1191">
     <span class='ocr_line' id='line_1_9' title="bbox 554 1122 790 1191; baseline -0.008 0"><span class='ocrx_word' id='word_1_45' title='bbox 554 1122 705 1191; x_wconf 54' lang='lat' dir='ltr'>GAPVT,</span> <span class='ocrx_word' id='word_1_46' title='bbox 724 1123 790 1190; x_wconf 87' lang='lat' dir='ltr'>XI.</span> 
     </span>
    </p>
   </div>
   <div class='ocr_carea' id='block_1_5' title="bbox 204 1243 1147 1752">
    <p class='ocr_par' dir='ltr' id='par_1_5' title="bbox 247 1243 1143 1327">
     <span class='ocr_line' id='line_1_10' title="bbox 247 1243 1143 1327; baseline -0.006 -18"><span class='ocrx_word' id='word_1_47' title='bbox 247 1269 304 1310; x_wconf 84' lang='lat' dir='ltr'>rcrr</span> <span class='ocrx_word' id='word_1_48' title='bbox 327 1245 407 1327; x_wconf 89' lang='lat' dir='ltr'>ipsis</span> <span class='ocrx_word' id='word_1_49' title='bbox 435 1244 649 1307; x_wconf 83' lang='lat' dir='ltr'>idololatriam</span> <span class='ocrx_word' id='word_1_50' title='bbox 676 1243 890 1306; x_wconf 81' lang='lat' dir='ltr'>inveteratum</span> <span class='ocrx_word' id='word_1_51' title='bbox 917 1243 1040 1304; x_wconf 93' lang='lat' dir='ltr'>malum</span> <span class='ocrx_word' id='word_1_52' title='bbox 1063 1263 1143 1319; x_wconf 85' lang='lat' dir='ltr'>esse,</span> 
     </span>
    </p>

    <p class='ocr_par' dir='ltr' id='par_1_6' title="bbox 204 1331 1147 1752">
     <span class='ocr_line' id='line_1_11' title="bbox 262 1331 1144 1415; baseline -0.006 -17"><span class='ocrx_word' id='word_1_53' title='bbox 262 1342 358 1415; x_wconf 87' lang='lat' dir='ltr'>atque</span> <span class='ocrx_word' id='word_1_54' title='bbox 388 1335 439 1412; x_wconf 91' lang='lat' dir='ltr'>(ut</span> <span class='ocrx_word' id='word_1_55' title='bbox 460 1333 578 1395; x_wconf 87' lang='lat' dir='ltr'>Iesaias</span> <span class='ocrx_word' id='word_1_56' title='bbox 600 1332 759 1413; x_wconf 86' lang='lat' dir='ltr'>propheta</span> <span class='ocrx_word' id='word_1_57' title='bbox 781 1331 873 1408; x_wconf 88' lang='lat' dir='ltr'>dicit)</span> <span class='ocrx_word' id='word_1_58' title='bbox 902 1352 943 1394; x_wconf 87' lang='lat' dir='ltr'>ex</span> <span class='ocrx_word' id='word_1_59' title='bbox 964 1338 1055 1394; x_wconf 88' lang='lat' dir='ltr'>utero</span> <span class='ocrx_word' id='word_1_60' title='bbox 1079 1351 1144 1393; x_wconf 90' lang='lat' dir='ltr'>ma-</span> 
     </span>
     <span class='ocr_line' id='line_1_12' title="bbox 204 1418 1147 1504; baseline 0.001 -18"><span class='ocrx_word' id='word_1_61' title='bbox 204 1425 264 1486; x_wconf 91' lang='lat' dir='ltr'>tris</span> <span class='ocrx_word' id='word_1_62' title='bbox 291 1421 402 1487; x_wconf 83' lang='lat' dir='ltr'>vocavi</span> <span class='ocrx_word' id='word_1_63' title='bbox 432 1427 464 1484; x_wconf 90' lang='lat' dir='ltr'>te</span> <span class='ocrx_word' id='word_1_64' title='bbox 491 1428 764 1504; x_wconf 79' lang='lat' dir='ltr'>transgressorem.</span> <span class='ocrx_word' id='word_1_65' title='bbox 817 1418 877 1485; x_wconf 57' lang='lat' dir='ltr'>§Die</span> <span class='ocrx_word' id='word_1_66' title='bbox 910 1418 977 1500; x_wconf 61' lang='lat' dir='ltr'>§turb</span> <span class='ocrx_word' id='word_1_67' title='bbox 1004 1419 1053 1500; x_wconf 74' lang='lat' dir='ltr'>but</span> <span class='ocrx_word' id='word_1_68' title='bbox 1080 1419 1147 1486; x_wconf 72' lang='lat' dir='ltr'>bren</span> 
     </span>
     <span class='ocr_line' id='line_1_13' title="bbox 207 1507 1147 1599; baseline -0.007 -21"><span class='ocrx_word' id='word_1_69' title='bbox 207 1516 357 1594; x_wconf 66' lang='lat' dir='ltr'>ungebant</span> <span class='ocrx_word' id='word_1_70' title='bbox 395 1522 451 1575; x_wconf 79' lang='lat' dir='ltr'>bon</span> <span class='ocrx_word' id='word_1_71' title='bbox 499 1514 591 1574; x_wconf 70' lang='lat' dir='ltr'>mmet</span> <span class='ocrx_word' id='word_1_72' title='bbox 628 1507 678 1573; x_wconf 77' lang='lat' dir='ltr'>[ib.</span> <span class='ocrx_word' id='word_1_73' title='bbox 702 1575 716 1599; x_wconf 50' lang='grc' dir='ltr'><em>Ι</em></span> <span class='ocrx_word' id='word_1_74' title='bbox 738 1509 893 1589; x_wconf 90' lang='lat' dir='ltr'>Incepisti</span> <span class='ocrx_word' id='word_1_75' title='bbox 930 1509 1147 1572; x_wconf 87' lang='lat' dir='ltr'>idololatriam</span> 
     </span>
     <span class='ocr_line' id='line_1_14' title="bbox 205 1597 1147 1680; baseline -0.001 -18"><span class='ocrx_word' id='word_1_76' title='bbox 205 1600 337 1680; x_wconf 87' lang='lat' dir='ltr'>quando</span> <span class='ocrx_word' id='word_1_77' title='bbox 376 1597 587 1679; x_wconf 83' lang='lat' dir='ltr'>egrediebaris</span> <span class='ocrx_word' id='word_1_78' title='bbox 624 1618 666 1660; x_wconf 88' lang='lat' dir='ltr'>ex</span> <span class='ocrx_word' id='word_1_79' title='bbox 699 1597 862 1678; x_wconf 84' lang='lat' dir='ltr'>Aegypto,</span> <span class='ocrx_word' id='word_1_80' title='bbox 905 1617 1009 1677; x_wconf 88' lang='lat' dir='ltr'>neque</span> <span class='ocrx_word' id='word_1_81' title='bbox 1048 1598 1147 1661; x_wconf 88' lang='lat' dir='ltr'>hodie</span> 
     </span>
     <span class='ocr_line' id='line_1_15' title="bbox 205 1690 444 1752; baseline -0.013 0"><span class='ocrx_word' id='word_1_82' title='bbox 205 1690 248 1752; x_wconf 91' lang='lat' dir='ltr'>ab</span> <span class='ocrx_word' id='word_1_83' title='bbox 271 1709 309 1751; x_wconf 90' lang='lat' dir='ltr'>ea</span> <span class='ocrx_word' id='word_1_84' title='bbox 331 1708 444 1751; x_wconf 87' lang='lat' dir='ltr'>cessas.</span> 
     </span>
    </p>
   </div>
   <div class='ocr_carea' id='block_1_6' title="bbox 250 1845 1147 2032">
    <p class='ocr_par' dir='ltr' id='par_1_7' title="bbox 250 1845 1147 2032">
     <span class='ocr_line' id='line_1_16' title="bbox 550 1845 1128 1942; baseline -0.003 -34"><span class='ocrx_word' id='word_1_85' title='bbox 550 1846 642 1927; x_wconf 82' lang='lat' dir='ltr'>Cepit</span> <span class='ocrx_word' id='word_1_86' title='bbox 665 1845 799 1925; x_wconf 83' lang='lat' dir='ltr'>gladius.</span> <span class='ocrx_word' id='word_1_87' title='bbox 1118 1933 1128 1942; x_wconf 81' lang='lat'>..</span> 
     </span>
     <span class='ocr_line' id='line_1_17' title="bbox 250 1952 1147 2032; baseline -0.003 -14"><span class='ocrx_word' id='word_1_88' title='bbox 250 1979 294 2018; x_wconf 77' lang='lat' dir='ltr'>su</span> <span class='ocrx_word' id='word_1_89' title='bbox 326 1975 383 2017; x_wconf 84' lang='lat' dir='ltr'>rex</span> <span class='ocrx_word' id='word_1_90' title='bbox 420 1956 521 2017; x_wconf 90' lang='lat' dir='ltr'>Assur</span> <span class='ocrx_word' id='word_1_91' title='bbox 558 1953 675 2015; x_wconf 89' lang='lat' dir='ltr'>multas</span> <span class='ocrx_word' id='word_1_92' title='bbox 709 1952 852 2015; x_wconf 86' lang='lat' dir='ltr'>civitates</span> <span class='ocrx_word' id='word_1_93' title='bbox 882 1959 1025 2032; x_wconf 89' lang='lat' dir='ltr'>ceperat,</span> <span class='ocrx_word' id='word_1_94' title='bbox 1065 1952 1147 2015; x_wconf 86' lang='lat' dir='ltr'>adeo</span> 
     </span>
    </p>
   </div>
   <div class='ocr_carea' id='block_1_7' title="bbox 207 2040 1146 2196">
    <p class='ocr_par' dir='ltr' id='par_1_8' title="bbox 207 2040 1146 2196">
     <span class='ocr_line' id='line_1_18' title="bbox 266 2040 1146 2123; baseline -0.003 -17"><span class='ocrx_word' id='word_1_95' title='bbox 266 2044 364 2106; x_wconf 88' lang='lat' dir='ltr'>etiam</span> <span class='ocrx_word' id='word_1_96' title='bbox 387 2049 488 2106; x_wconf 89' lang='lat' dir='ltr'>totam</span> <span class='ocrx_word' id='word_1_97' title='bbox 511 2042 632 2104; x_wconf 91' lang='lat' dir='ltr'>tribum</span> <span class='ocrx_word' id='word_1_98' title='bbox 655 2041 818 2123; x_wconf 87' lang='lat' dir='ltr'>Neptalim</span> <span class='ocrx_word' id='word_1_99' title='bbox 846 2048 1020 2121; x_wconf 89' lang='lat' dir='ltr'>antequam</span> <span class='ocrx_word' id='word_1_100' title='bbox 1042 2040 1146 2123; x_wconf 90' lang='lat' dir='ltr'>ingre-</span> 
     </span>
     <span class='ocr_line' id='line_1_19' title="bbox 207 2132 620 2196; baseline -0.01 0"><span class='ocrx_word' id='word_1_101' title='bbox 207 2132 337 2196; x_wconf 88' lang='lat' dir='ltr'>deretur</span> <span class='ocrx_word' id='word_1_102' title='bbox 360 2139 477 2195; x_wconf 84' lang='lat' dir='ltr'>terram</span> <span class='ocrx_word' id='word_1_103' title='bbox 501 2152 620 2193; x_wconf 90' lang='lat' dir='ltr'>eorum.</span> 
     </span>
    </p>
   </div>
   <div class='ocr_carea' id='block_1_8' title="bbox 273 2289 1075 2372">
    <p class='ocr_par' dir='ltr' id='par_1_9' title="bbox 273 2289 1075 2372">
     <span class='ocr_line' id='line_1_20' title="bbox 273 2289 1075 2372; baseline -0.002 -19"><span class='ocrx_word' id='word_1_104' title='bbox 273 2292 414 2372; x_wconf 86' lang='lat' dir='ltr'>Populus</span> <span class='ocrx_word' id='word_1_105' title='bbox 437 2310 529 2353; x_wconf 90' lang='lat' dir='ltr'>meus</span> <span class='ocrx_word' id='word_1_106' title='bbox 551 2289 706 2370; x_wconf 87' lang='lat' dir='ltr'>pendebit</span> <span class='ocrx_word' id='word_1_107' title='bbox 729 2289 770 2353; x_wconf 85' lang='lat' dir='ltr'>ad</span> <span class='ocrx_word' id='word_1_108' title='bbox 793 2289 933 2352; x_wconf 90' lang='lat' dir='ltr'>reditum</span> <span class='ocrx_word' id='word_1_109' title='bbox 956 2308 1075 2351; x_wconf 90' lang='lat' dir='ltr'>meum.</span> 
     </span>
    </p>
   </div>
   <div class='ocr_carea' id='block_1_9' title="bbox 204 2395 1149 2830">
    <p class='ocr_par' dir='ltr' id='par_1_10' title="bbox 204 2395 1147 2509">
     <span class='ocr_line' id='line_1_21' title="bbox 204 2395 1147 2509; baseline -0.002 -46"><span class='ocrx_word' id='word_1_110' title='bbox 204 2396 374 2509; x_wconf 77' lang='lat' dir='ltr'>erovsu</span> <span class='ocrx_word' id='word_1_111' title='bbox 409 2395 595 2459; x_wconf 89' lang='lat' dir='ltr'>liberaberis</span> <span class='ocrx_word' id='word_1_112' title='bbox 618 2395 659 2457; x_wconf 85' lang='lat' dir='ltr'>ab</span> <span class='ocrx_word' id='word_1_113' title='bbox 682 2395 830 2476; x_wconf 85' lang='lat' dir='ltr'>hocque</span> <span class='ocrx_word' id='word_1_114' title='bbox 853 2402 885 2459; x_wconf 89' lang='lat' dir='ltr'>te</span> <span class='ocrx_word' id='word_1_115' title='bbox 899 2415 1046 2477; x_wconf 87' lang='lat' dir='ltr'>premam</span> <span class='ocrx_word' id='word_1_116' title='bbox 1068 2395 1147 2478; x_wconf 88' lang='lat' dir='ltr'>iugo</span> 
     </span>
    </p>

    <p class='ocr_par' dir='ltr' id='par_1_11' title="bbox 204 2484 1149 2830">
     <span class='ocr_line' id='line_1_22' title="bbox 265 2484 1149 2567; baseline 0.002 -20"><span class='ocrx_word' id='word_1_117' title='bbox 265 2486 312 2549; x_wconf 90' lang='lat' dir='ltr'>ita</span> <span class='ocrx_word' id='word_1_118' title='bbox 334 2485 464 2562; x_wconf 88' lang='lat' dir='ltr'>servies,</span> <span class='ocrx_word' id='word_1_119' title='bbox 493 2505 620 2565; x_wconf 89' lang='lat' dir='ltr'>semper</span> <span class='ocrx_word' id='word_1_120' title='bbox 642 2484 784 2565; x_wconf 88' lang='lat' dir='ltr'>intellige</span> <span class='ocrx_word' id='word_1_121' title='bbox 807 2485 1031 2567; x_wconf 88' lang='lat' dir='ltr'>temporaliter.</span> <span class='ocrx_word' id='word_1_122' title='bbox 1079 2486 1149 2549; x_wconf 92' lang='lat' dir='ltr'>Vbi</span> 
     </span>
     <span class='ocr_line' id='line_1_23' title="bbox 206 2572 1148 2654; baseline 0 -17"><span class='ocrx_word' id='word_1_123' title='bbox 206 2594 280 2638; x_wconf 89' lang='lat' dir='ltr'>vero</span> <span class='ocrx_word' id='word_1_124' title='bbox 303 2594 362 2654; x_wconf 92' lang='lat' dir='ltr'>ego</span> <span class='ocrx_word' id='word_1_125' title='bbox 385 2574 516 2651; x_wconf 87' lang='lat' dir='ltr'>rediero,</span> <span class='ocrx_word' id='word_1_126' title='bbox 540 2573 576 2635; x_wconf 92' lang='lat' dir='ltr'>id</span> <span class='ocrx_word' id='word_1_127' title='bbox 599 2578 656 2649; x_wconf 88' lang='lat' dir='ltr'>est,</span> <span class='ocrx_word' id='word_1_128' title='bbox 682 2572 785 2635; x_wconf 80' lang='lat' dir='ltr'>lilium</span> <span class='ocrx_word' id='word_1_129' title='bbox 807 2593 917 2636; x_wconf 88' lang='lat' dir='ltr'>meum</span> <span class='ocrx_word' id='word_1_130' title='bbox 931 2574 967 2636; x_wconf 92' lang='lat' dir='ltr'>in</span> <span class='ocrx_word' id='word_1_131' title='bbox 982 2574 1148 2637; x_wconf 91' lang='lat' dir='ltr'>mundum</span> 
     </span>
     <span class='ocr_line' id='line_1_24' title="bbox 204 2662 1147 2744; baseline 0.004 -21"><span class='ocrx_word' id='word_1_132' title='bbox 204 2662 331 2736; x_wconf 89' lang='lat' dir='ltr'>misero,</span> <span class='ocrx_word' id='word_1_133' title='bbox 355 2668 428 2724; x_wconf 90' lang='lat' dir='ltr'>tum</span> <span class='ocrx_word' id='word_1_134' title='bbox 450 2662 570 2742; x_wconf 87' lang='lat' dir='ltr'>poteris</span> <span class='ocrx_word' id='word_1_135' title='bbox 594 2681 686 2742; x_wconf 87' lang='lat' dir='ltr'>agere</span> <span class='ocrx_word' id='word_1_136' title='bbox 709 2662 951 2743; x_wconf 87' lang='lat' dir='ltr'>poenitentiam,</span> <span class='ocrx_word' id='word_1_137' title='bbox 976 2669 1075 2744; x_wconf 88' lang='lat' dir='ltr'>atque</span> <span class='ocrx_word' id='word_1_138' title='bbox 1098 2664 1147 2728; x_wconf 87' lang='lat' dir='ltr'>ita</span> 
     </span>
     <span class='ocr_line' id='line_1_25' title="bbox 204 2749 560 2830; baseline 0 -18"><span class='ocrx_word' id='word_1_139' title='bbox 204 2750 322 2813; x_wconf 81' lang='lat' dir='ltr'>salvari</span> <span class='ocrx_word' id='word_1_140' title='bbox 346 2749 560 2830; x_wconf 87' lang='lat' dir='ltr'>spiritualiter.</span> 
     </span>
    </p>
   </div>
   <div class='ocr_carea' id='block_1_10' title="bbox 433 2909 908 2973">
    <p class='ocr_par' dir='ltr' id='par_1_12' title="bbox 433 2909 908 2973">
     <span class='ocr_line' id='line_1_26' title="bbox 433 2909 908 2973; baseline 0.002 -2"><span class='ocrx_word' id='word_1_141' title='bbox 433 2909 507 2972; x_wconf 90' lang='lat' dir='ltr'>Non</span> <span class='ocrx_word' id='word_1_142' title='bbox 529 2910 647 2973; x_wconf 87' lang='lat' dir='ltr'>faciam</span> <span class='ocrx_word' id='word_1_143' title='bbox 670 2911 811 2973; x_wconf 90' lang='lat' dir='ltr'>furorem</span> <span class='ocrx_word' id='word_1_144' title='bbox 832 2912 908 2972; x_wconf 90' lang='lat' dir='ltr'>irae.</span> 
     </span>
    </p>
   </div>
   <div class='ocr_carea' id='block_1_11' title="bbox 202 3014 1146 3539">
    <p class='ocr_par' dir='ltr' id='par_1_13' title="bbox 203 3014 1144 3131">
     <span class='ocr_line' id='line_1_27' title="bbox 203 3014 1144 3131; baseline 0 -50"><span class='ocrx_word' id='word_1_145' title='bbox 203 3014 385 3131; x_wconf 70' lang='lat' dir='ltr'>stuovsn</span> <span class='ocrx_word' id='word_1_146' title='bbox 414 3036 560 3097; x_wconf 87' lang='lat' dir='ltr'>premam</span> <span class='ocrx_word' id='word_1_147' title='bbox 583 3016 716 3091; x_wconf 87' lang='lat' dir='ltr'>fortiter,</span> <span class='ocrx_word' id='word_1_148' title='bbox 740 3016 811 3079; x_wconf 88' lang='lat' dir='ltr'>volo</span> <span class='ocrx_word' id='word_1_149' title='bbox 827 3022 945 3095; x_wconf 87' lang='lat' dir='ltr'>tamen,</span> <span class='ocrx_word' id='word_1_150' title='bbox 968 3023 1006 3080; x_wconf 92' lang='lat' dir='ltr'>ut</span> <span class='ocrx_word' id='word_1_151' title='bbox 1021 3018 1144 3081; x_wconf 89' lang='lat' dir='ltr'>miseri-</span> 
     </span>
    </p>

    <p class='ocr_par' dir='ltr' id='par_1_14' title="bbox 202 3105 1146 3539">
     <span class='ocr_line' id='line_1_28' title="bbox 258 3105 1146 3189; baseline 0.008 -23"><span class='ocrx_word' id='word_1_152' title='bbox 258 3105 383 3168; x_wconf 90' lang='lat' dir='ltr'>cordiae</span> <span class='ocrx_word' id='word_1_153' title='bbox 406 3126 526 3168; x_wconf 90' lang='lat' dir='ltr'>nomen</span> <span class='ocrx_word' id='word_1_154' title='bbox 548 3105 630 3166; x_wconf 92' lang='lat' dir='ltr'>mihi</span> <span class='ocrx_word' id='word_1_155' title='bbox 645 3106 771 3169; x_wconf 80' lang='lat' dir='ltr'>salvum</span> <span class='ocrx_word' id='word_1_156' title='bbox 794 3112 932 3181; x_wconf 89' lang='lat' dir='ltr'>maneat,</span> <span class='ocrx_word' id='word_1_157' title='bbox 957 3125 1061 3185; x_wconf 88' lang='lat' dir='ltr'>neque</span> <span class='ocrx_word' id='word_1_158' title='bbox 1084 3127 1146 3189; x_wconf 87' lang='lat' dir='ltr'>ego</span> 
     </span>
     <span class='ocr_line' id='line_1_29' title="bbox 203 3192 1146 3274; baseline 0.006 -20"><span class='ocrx_word' id='word_1_159' title='bbox 203 3192 345 3255; x_wconf 87' lang='lat' dir='ltr'>furorem</span> <span class='ocrx_word' id='word_1_160' title='bbox 379 3213 490 3257; x_wconf 87' lang='lat' dir='ltr'>meum</span> <span class='ocrx_word' id='word_1_161' title='bbox 523 3193 691 3269; x_wconf 85' lang='lat' dir='ltr'>exercebo,</span> <span class='ocrx_word' id='word_1_162' title='bbox 727 3198 765 3255; x_wconf 92' lang='lat' dir='ltr'>ut</span> <span class='ocrx_word' id='word_1_163' title='bbox 796 3193 909 3273; x_wconf 79' lang='lat' dir='ltr'>homo,</span> <span class='ocrx_word' id='word_1_164' title='bbox 945 3194 1002 3274; x_wconf 92' lang='lat' dir='ltr'>qui</span> <span class='ocrx_word' id='word_1_165' title='bbox 1035 3195 1146 3261; x_wconf 84' lang='lat' dir='ltr'>frenas</span> 
     </span>
     <span class='ocr_line' id='line_1_30' title="bbox 203 3281 1145 3364; baseline 0.005 -21"><span class='ocrx_word' id='word_1_166' title='bbox 203 3281 271 3343; x_wconf 89' lang='lat' dir='ltr'>irae</span> <span class='ocrx_word' id='word_1_167' title='bbox 299 3300 375 3343; x_wconf 89' lang='lat' dir='ltr'>suae</span> <span class='ocrx_word' id='word_1_168' title='bbox 399 3282 514 3358; x_wconf 88' lang='lat' dir='ltr'>nescit,</span> <span class='ocrx_word' id='word_1_169' title='bbox 550 3282 641 3344; x_wconf 89' lang='lat' dir='ltr'>cuius</span> <span class='ocrx_word' id='word_1_170' title='bbox 670 3281 849 3361; x_wconf 88' lang='lat' dir='ltr'>indignatio</span> <span class='ocrx_word' id='word_1_171' title='bbox 879 3303 946 3345; x_wconf 91' lang='lat' dir='ltr'>non</span> <span class='ocrx_word' id='word_1_172' title='bbox 973 3283 1145 3364; x_wconf 84' lang='lat' dir='ltr'>exatiatur,</span> 
     </span>
     <span class='ocr_line' id='line_1_31' title="bbox 204 3369 1146 3453; baseline 0.007 -22"><span class='ocrx_word' id='word_1_173' title='bbox 204 3370 269 3432; x_wconf 91' lang='lat' dir='ltr'>nisi</span> <span class='ocrx_word' id='word_1_174' title='bbox 283 3369 457 3433; x_wconf 87' lang='lat' dir='ltr'>adversarii</span> <span class='ocrx_word' id='word_1_175' title='bbox 472 3370 619 3433; x_wconf 90' lang='lat' dir='ltr'>funditus</span> <span class='ocrx_word' id='word_1_176' title='bbox 635 3369 796 3450; x_wconf 85' lang='lat' dir='ltr'>perierint.</span> <span class='ocrx_word' id='word_1_177' title='bbox 835 3371 945 3435; x_wconf 89' lang='lat' dir='ltr'>Habes</span> <span class='ocrx_word' id='word_1_178' title='bbox 957 3373 1146 3453; x_wconf 85' lang='lat' dir='ltr'>exemplum</span> 
     </span>
     <span class='ocr_line' id='line_1_32' title="bbox 202 3458 1146 3539; baseline 0.006 -20"><span class='ocrx_word' id='word_1_179' title='bbox 202 3458 240 3519; x_wconf 93' lang='lat' dir='ltr'>in</span> <span class='ocrx_word' id='word_1_180' title='bbox 270 3459 419 3539; x_wconf 88' lang='lat' dir='ltr'>passione</span> <span class='ocrx_word' id='word_1_181' title='bbox 449 3458 581 3534; x_wconf 81' lang='lat' dir='ltr'>Christi,</span> <span class='ocrx_word' id='word_1_182' title='bbox 617 3478 684 3520; x_wconf 91' lang='lat' dir='ltr'>non</span> <span class='ocrx_word' id='word_1_183' title='bbox 717 3458 808 3521; x_wconf 86' lang='lat' dir='ltr'>erant</span> <span class='ocrx_word' id='word_1_184' title='bbox 843 3460 986 3535; x_wconf 88' lang='lat' dir='ltr'>contenti</span> <span class='ocrx_word' id='word_1_185' title='bbox 1019 3460 1146 3539; x_wconf 89' lang='lat' dir='ltr'>Iudaei,</span> 
     </span>
    </p>
   </div>
   <div class='ocr_carea' id='block_1_12' title="bbox 205 3546 1153 3629">
    <p class='ocr_par' dir='ltr' id='par_1_15' title="bbox 205 3546 1153 3629">
     <span class='ocr_line' id='line_1_33' title="bbox 205 3546 1153 3629; baseline 0.007 -22"><span class='ocrx_word' id='word_1_186' title='bbox 205 3546 292 3626; x_wconf 89' lang='lat' dir='ltr'>quod</span> <span class='ocrx_word' id='word_1_187' title='bbox 316 3554 383 3609; x_wconf 90' lang='lat' dir='ltr'>erat</span> <span class='ocrx_word' id='word_1_188' title='bbox 405 3547 516 3623; x_wconf 89' lang='lat' dir='ltr'>miser,</span> <span class='ocrx_word' id='word_1_189' title='bbox 547 3547 626 3612; x_wconf 76' lang='lat' dir='ltr'>vilis</span> <span class='ocrx_word' id='word_1_190' title='bbox 642 3551 674 3609; x_wconf 89' lang='lat' dir='ltr'>et</span> <span class='ocrx_word' id='word_1_191' title='bbox 697 3547 839 3611; x_wconf 89' lang='lat' dir='ltr'>abiectus</span> <span class='ocrx_word' id='word_1_192' title='bbox 864 3549 969 3613; x_wconf 79' lang='lat' dir='ltr'>homo</span> <span class='ocrx_word' id='word_1_193' title='bbox 985 3547 1153 3629; x_wconf 75' lang='lat' dir='ltr'>Christus,</span> 
     </span>
    </p>
   </div>
   <div class='ocr_carea' id='block_1_13' title="bbox 201 3634 1147 3804">
    <p class='ocr_par' dir='ltr' id='par_1_16' title="bbox 201 3634 1147 3804">
     <span class='ocr_line' id='line_1_34' title="bbox 205 3634 1147 3717; baseline 0.01 -23"><span class='ocrx_word' id='word_1_194' title='bbox 205 3634 270 3695; x_wconf 90' lang='lat' dir='ltr'>nisi</span> <span class='ocrx_word' id='word_1_195' title='bbox 292 3634 440 3699; x_wconf 82' lang='lat' dir='ltr'>funditus</span> <span class='ocrx_word' id='word_1_196' title='bbox 463 3637 661 3717; x_wconf 85' lang='lat' dir='ltr'>extirparent</span> <span class='ocrx_word' id='word_1_197' title='bbox 683 3655 774 3711; x_wconf 91' lang='lat' dir='ltr'>eum,</span> <span class='ocrx_word' id='word_1_198' title='bbox 805 3636 883 3699; x_wconf 89' lang='lat' dir='ltr'>adeo</span> <span class='ocrx_word' id='word_1_199' title='bbox 914 3636 1010 3699; x_wconf 88' lang='lat' dir='ltr'>etiam</span> <span class='ocrx_word' id='word_1_200' title='bbox 1034 3637 1147 3703; x_wconf 89' lang='lat' dir='ltr'>crude·</span> 
     </span>
     <span class='ocr_line' id='line_1_35' title="bbox 201 3721 1145 3804; baseline 0.011 -21"><span class='ocrx_word' id='word_1_201' title='bbox 201 3721 329 3787; x_wconf 86' lang='lat' dir='ltr'>lissima</span> <span class='ocrx_word' id='word_1_202' title='bbox 356 3730 475 3800; x_wconf 87' lang='lat' dir='ltr'>morte,</span> <span class='ocrx_word' id='word_1_203' title='bbox 506 3724 585 3789; x_wconf 89' lang='lat' dir='ltr'>dicit</span> <span class='ocrx_word' id='word_1_204' title='bbox 613 3743 687 3804; x_wconf 87' lang='lat' dir='ltr'>ergo</span> <span class='ocrx_word' id='word_1_205' title='bbox 714 3723 783 3799; x_wconf 89' lang='lat' dir='ltr'>hic,</span> <span class='ocrx_word' id='word_1_206' title='bbox 822 3745 887 3788; x_wconf 92' lang='lat' dir='ltr'>non</span> <span class='ocrx_word' id='word_1_207' title='bbox 915 3724 1078 3789; x_wconf 87' lang='lat' dir='ltr'>insaniam</span> <span class='ocrx_word' id='word_1_208' title='bbox 1106 3735 1145 3793; x_wconf 87' lang='lat' dir='ltr'>ut</span> 
     </span>
    </p>
   </div>
   <div class='ocr_carea' id='block_1_14' title="bbox 1270 3690 1282 4006">
    <p class='ocr_par' dir='ltr' id='par_1_17' title="bbox 1270 3690 1282 4006">
     <span class='ocr_line' id='line_1_36' title="bbox 1270 3690 1282 4006; baseline 0 0"><span class='ocrx_word' id='word_1_209' title='bbox 1270 3690 1282 4006; x_wconf 86' lang='lat' dir='ltr'>l</span> 
     </span>
    </p>
   </div>
   <div class='ocr_carea' id='block_1_15' title="bbox 0 0 1292 4225">
    <p class='ocr_par' dir='ltr' id='par_1_18' title="bbox 0 0 1292 4225">
     <span class='ocr_line' id='line_1_37' title="bbox 0 0 1292 4225; baseline 0 0"><span class='ocrx_word' id='word_1_210' title='bbox 0 0 1292 4225; x_wconf 95' lang='lat' dir='ltr'> </span> 
     </span>
    </p>
   </div>
  </div>
 </body>
</html>
