2575 4225
449 287 575 351 Hoseae
598 288 782 370 prophetae.
1021 293 1082 355 191

238 460 347 527 ¹Haeo
370 470 419 528 est
441 465 610 547 prophetia
632 466 674 528 de
696 466 794 531 domo
809 467 917 545 Israel,
942 467 1084 562 profecto

144 554 318 631 horribilia,
342 555 371 617 si
393 560 425 618 te
448 555 706 636 cogitationibus,
731 556 824 635 quasi
846 556 882 618 in
904 574 973 619 rem
996 574 1082 637 prae·

143 650 269 707 sentem
285 643 470 707 constituas.
506 645 577 707 Etsi
592 644 681 707 anim
695 665 763 708 non
777 664 886 708 rarum
904 651 961 721 est,
985 646 1084 709 everti

141 753 258 813 regna,
283 740 317 795 et
338 733 519 813 respublica
540 733 688 811 interire,
719 740 830 797 tamen
851 734 949 797 huius
972 735 1085 816 populi

141 822 245 897 ruina,
271 820 345 884 ideo
367 827 439 884 tum
462 822 596 901 gravior,
621 829 693 886 tum
715 823 898 886 horribilior
921 830 983 900 est,
1007 824 1084 902 quia

141 911 194 973 dei
224 910 366 992 populus
395 910 473 987 fuit,
509 909 562 973 cui
591 912 821 994 promissiones
855 912 890 973 in
918 912 1083 975 Abraham

141 1000 246 1063 factae
274 1005 365 1075 sunt,
395 1020 462 1063 non
489 1000 594 1063 solum
623 1000 664 1061 de
691 999 960 1081 multiplicatione
990 1007 1023 1063 et
1051 1008 1084 1064 et

141 1108 292 1151 successu
315 1089 481 1169 corporali,
506 1088 563 1151 sed
586 1088 674 1173 quod
697 1089 802 1151 maius
823 1094 880 1166 est,
904 1089 1083 1152 desemine

140 1177 289 1240 mulieris
312 1177 521 1240 benedicturo
544 1177 685 1241 familias
709 1197 821 1241 omnes
836 1183 946 1241 terrae.
986 1177 1083 1241 Hunc

140 1266 302 1348 populum
325 1286 366 1327 ex
388 1267 533 1347 patribus
548 1273 754 1348 prognatum,
778 1266 935 1329 donatum
950 1268 1083 1347 promis·

136 1354 297 1431 sionibus,
321 1355 494 1419 liberatum
516 1375 558 1418 ex
572 1357 729 1437 Aegypto,
754 1355 898 1437 positum
912 1355 947 1417 in
965 1361 1083 1418 terram

139 1443 287 1520 (ioman,
324 1450 475 1507 ornatum
504 1445 601 1507 verbo
633 1450 666 1507 et
696 1446 784 1509 crrltu
818 1444 885 1521 dei,
921 1446 1001 1508 deus
1035 1446 1081 1507 sic

132 1533 265 1609 abiicit,
296 1537 335 1595 ut
356 1533 503 1599 videatur
525 1534 599 1614 plus
622 1554 730 1597 amare
752 1540 785 1597 et
811 1553 921 1597 curare
952 1534 1082 1614 quasvis

138 1622 219 1685 ahos
242 1627 369 1701 gentes,
400 1642 482 1702 quae
505 1622 574 1685 sine
597 1622 658 1685 deo
680 1628 714 1685 et
736 1624 806 1686 sine
828 1624 926 1687 verbo
952 1623 988 1685 in
1015 1623 1080 1686 ido·

138 1711 268 1773 latriam
290 1716 324 1773 et
345 1711 545 1791 impietatem
565 1712 729 1775 demersae
746 1717 845 1775 erant.
885 1712 979 1785 Quod
995 1713 1083 1775 enim

138 1819 278 1879 regnum
301 1800 347 1862 sic
370 1820 515 1864 eversum
539 1807 596 1876 est,
621 1801 714 1864 ouius
736 1821 803 1864 non
825 1800 961 1879 vestigia
976 1801 1083 1880 aliqua

7 1913 8 1916 ¹
137 1890 332 1951 manerent?
368 1888 432 1952 Hic
460 1895 569 1952 autem
598 1890 738 1970 populus
767 1890 814 1953 ita
841 1909 883 1951 ex
911 1894 994 1951 terra
1024 1908 1083 1967 sua

135 1978 284 2054 eiioitur,
314 1984 352 2040 ut
373 1997 414 2040 ne
437 1998 558 2041 nomen
590 1978 724 2057 quidem
752 1983 883 2040 maneat
911 1977 1080 2057 reliquum.

228 2067 337 2130 Huius
349 2072 457 2132 tantae
470 2068 536 2130 irae
549 2086 632 2147 quae
643 2086 741 2131 causa
751 2066 907 2131 estPNull
915 2064 971 2147 [sic
980 2064 997 2146 Ι]
1009 2066 1080 2143 alia,

138 2176 239 2236 quarn
255 2156 344 2236 quod
358 2177 494 2236 regnum
509 2157 608 2219 Israel
622 2156 769 2220 discessit
784 2177 803 2219 a
824 2157 921 2220 verbo
940 2162 973 2218 et
994 2156 1083 2218 cultu

134 2245 208 2322 dei,
240 2251 274 2308 et
296 2252 442 2308 secutum
472 2253 521 2310 est
541 2245 742 2323 idolatriam,
773 2265 829 2309 seu
852 2246 957 2308 cultus
986 2246 1083 2309 verbo

138 2334 265 2396 domini
288 2355 354 2398 non
376 2335 550 2398 institutos.
597 2336 669 2398 Hoc
699 2336 786 2397 enim
808 2341 977 2416 peccatum
1002 2333 1082 2396 illud

134 2429 197 2500 est,
230 2422 321 2502 quod
344 2424 424 2486 deus
451 2425 584 2486 tolerare
613 2445 679 2486 non
709 2430 829 2505 potest,
860 2423 917 2485 scd
940 2428 1084 2484 extrema

137 2511 320 2576 vastatione
347 2512 524 2589 ulciscitur,
560 2513 644 2574 sicut
671 2513 725 2574 hio
752 2513 894 2593 profecto
921 2509 1083 2574 horribilis

7 2628 9 2632 ³
138 2601 302 2664 sententia
317 2605 380 2663 cst:
405 2602 477 2663 Non
491 2601 667 2664 miserebor
689 2602 828 2683 amplius
844 2599 960 2663 domus
974 2599 1082 2662 Israel.

137 2689 173 2752 Si
196 2689 285 2752 enim
301 2689 553 2752 misericordiam
575 2689 629 2753 'dei
652 2691 754 2768 tollas,
779 2690 858 2771 quid
873 2709 1002 2769 quaese,
1026 2688 1082 2750 mi·

138 2779 219 2841 seris
243 2777 332 2840 aliud
347 2778 547 2857 relinquitur,
571 2798 671 2858 quam
693 2780 788 2843 utin
811 2778 992 2842 calamitate
1016 2777 1084 2840 sine

7 2834 8 2918 i
137 2867 206 2929 ulla
229 2886 287 2948 spe
310 2867 423 2928 auxilii
444 2869 600 2948 pereant?

143 3057 327 3170 ²Partinet
356 3068 463 3125 autem
486 3064 565 3126 hacc
587 3063 660 3143 ipsa
682 3061 889 3124 comminatio
913 3060 954 3122 ad
977 3065 1086 3123 nostra

211 3171 354 3232 ⁴quoque
387 3158 546 3233 tempora,
593 3151 712 3231 quibus
750 3150 802 3212 dei
842 3149 999 3213 beneficio
1027 3150 1085 3214 lux

139 3242 231 3304 verbi
261 3241 453 3304 Germaniae
482 3239 608 3304 reddita
636 3244 700 3317 est,
730 3259 766 3302 ao
792 3245 898 3321 patet,
934 3238 992 3318 qui
1017 3238 1085 3300 veri

62 3329 67 3335 ’
139 3333 207 3394 sint
236 3331 360 3406 cultus,
391 3329 448 3409 qui
469 3330 593 3406 viciosi,
625 3329 706 3409 quid
736 3348 811 3392 oum
840 3329 937 3392 verbo
967 3322 1085 3390 Christi

162 3420 322 3497 uveniat,
347 3418 426 3498 quid
449 3439 516 3482 non
531 3419 724 3482 conveniat?
770 3418 833 3481 aed
855 3419 891 3478 in
912 3417 975 3478 hac
993 3419 1085 3478 tanta

175 3528 212 3572 ce
241 3508 407 3584 videmus,
443 3508 522 3588 quid
549 3525 649 3589 papa,
681 3506 761 3587 quid
789 3505 945 3588 episcopi,
980 3503 1086 3567 iurata

174 3618 246 3680 apae
268 3597 446 3678 mancipia,
475 3597 605 3660 faciant.
652 3595 804 3659 Retinent
825 3599 965 3658 veterem
987 3592 1083 3656 idola·

232 3771 260 3841 1)
279 3771 414 3825 Vastatio
432 3771 513 3838 regni
531 3770 628 3826 Israel.
666 3769 695 3838 2)
714 3770 851 3825 Idolatria
872 3769 903 3824 in
922 3767 1083 3823 Germania.
