2575 4225
210 273 252 338 47
255 277 275 338 6
447 273 552 354 Caput
574 277 726 353 quartum
748 270 911 335 decimum

209 453 354 516 tissimus
375 451 492 528 videri,
523 450 673 530 allegavit
698 455 747 514 tot
768 449 838 512 loca
866 453 979 512 ornata
1008 450 1152 531 templis,
1277 415 1279 436 ἐ

210 549 242 605 et
264 563 284 605 a
305 541 451 622 patribus
474 539 640 619 quondam
663 539 758 601 culta.

1276 487 1279 598 l

1277 599 1279 624 t

303 625 384 692 ¹Sed
405 629 564 709 propheta
585 633 679 696 vocat
700 627 833 690 rebelles
856 625 925 704 dec,
954 627 1032 708 quia
1052 629 1154 692 verbo
1277 629 1279 662 ³

209 719 262 781 dei
289 739 357 782 non
388 717 657 799 obtemperarant.
708 716 782 778 Non
814 715 946 780 deerant
979 718 1085 780 cultus
1114 718 1152 779 in

209 827 307 886 regno
329 808 441 883 lsrael,
472 807 528 870 sed
555 807 617 869 hoc
644 806 776 869 nomine
798 805 971 868 viciosiet
992 805 1053 868 deo
1078 806 1151 868 abc·

208 896 379 958 minabiles
409 901 517 972 erant,
549 894 637 975 quod
661 899 757 957 crant
780 893 921 957 instituti
951 901 1062 957 contra
1084 915 1153 958 ver·
1277 863 1279 954 i

156 1047 165 1070 χ
208 986 297 1047 bum.
343 985 441 1048 aas
470 983 786 1060 inueteratae
809 983 1028 1045 etabraaam
1052 984 1155 1046 enam

209 1074 281 1136 ahie
309 1073 344 1136 in
370 1073 449 1136 locis
481 1074 715 1147 sacrificarent,
749 1071 806 1135 sed
837 1072 1006 1152 posteritas
1038 1092 1153 1136 eorum

209 1163 320 1226 divine
340 1182 419 1226 voca
446 1163 617 1224 iubebatur
639 1166 767 1224 tantum
796 1161 833 1222 in
859 1161 979 1240 templo
1002 1161 1154 1224 Hieroso-

163 1293 168 1304 ι
208 1253 305 1332 lymis
328 1271 419 1314 sacra
448 1251 562 1314 facere.
608 1250 680 1313 Hoc
704 1249 895 1312 mandatum
913 1269 997 1311 cum
1020 1269 1155 1330 prorsus

209 1341 384 1420 negligeret
405 1359 542 1419 regnum
563 1339 672 1415 lsrael,
700 1344 733 1400 et
754 1358 813 1419 pro
834 1339 932 1400 libitu
953 1339 1077 1419 passim
1101 1359 1155 1422 ex·

210 1430 321 1492 citaret
342 1428 472 1509 templa,
497 1449 540 1490 an
562 1449 629 1490 non
651 1447 728 1491 vere
746 1427 920 1490 rebellabat
942 1427 1024 1490 deo?

212 1521 220 1527 ’“
298 1517 365 1579 Nos
392 1536 521 1597 quoque
550 1536 625 1578 cum
652 1516 750 1579 hodie
778 1529 965 1578 accusamus
995 1517 1154 1598 papistas,

210 1624 277 1668 non
306 1624 463 1684 negamus
491 1624 545 1667 eos
574 1605 693 1667 habere
720 1604 862 1682 ordines,
897 1609 985 1682 vota,
1019 1605 1154 1682 ieiunia,

210 1695 343 1770 Missas,
373 1713 502 1775 praeces
531 1700 590 1756 etc.
641 1693 704 1756 Sed
730 1694 792 1756 boc
821 1693 1028 1770 damnamus,
1065 1695 1157 1775 quod

210 1785 290 1847 haec
313 1789 371 1846 aut
391 1803 477 1845 mere
500 1783 566 1846 sint
584 1782 772 1846 traditiones
794 1783 956 1845 humanae
971 1784 1040 1846 sine
1055 1784 1155 1848 verbo

210 1871 386 1948 institutae,
411 1877 468 1934 aut
482 1892 524 1934 ex
538 1872 695 1936 diametro
718 1878 864 1953 pugnent
879 1891 954 1934 cum
976 1872 1073 1935 verbo
1089 1872 1154 1936 dei.

212 1961 324 2024 Cultus
348 1961 436 2022 enim
458 1961 511 2022 dei
538 1966 717 2037 nunaunt,
747 1979 830 2040 quae
852 1979 911 2024 nos
940 1961 1155 2038 instituimus,

212 2049 270 2114 sed
297 2069 379 2130 quae
394 2049 489 2113 deus
515 2070 573 2131 per
602 2051 737 2114 verbum
766 2068 862 2113 suum
891 2049 1034 2113 mandat.
1081 2051 1157 2114 Hoc

211 2139 347 2201 verbum
370 2140 426 2217 qui
453 2144 510 2201 aut
532 2140 713 2219 negligunt,
742 2145 799 2201 aut
821 2143 931 2203 contra
952 2140 1092 2215 faciunt,
1118 2140 1160 2202 hi

213 2233 289 2289 sunt
311 2227 460 2303 rebelles,
494 2233 527 2290 et
555 2249 621 2292 non
649 2234 778 2291 tantum
805 2248 872 2289 non
898 2232 1064 2308 praestant
1088 2228 1152 2291 deo

213 2316 353 2392 cultum,
383 2315 441 2379 sed
464 2317 562 2379 etiam
589 2317 718 2379 irritent
740 2315 853 2393 deum,
886 2322 919 2379 et
940 2316 982 2379 ad
1005 2337 1156 2381 saeveras

213 2424 333 2486 poenas
355 2412 539 2486 provocant.
1028 2404 1030 2407 ’

217 2576 230 2614 ²
267 2588 329 2645 unt
351 2584 543 2647 autemveri
564 2584 670 2646 cultus
686 2587 825 2662 quatuor
839 2582 970 2665 specieS,
995 2582 1155 2663 dignitate
1181 2636 1188 2673 Ι

290 2677 323 2733 et
344 2672 455 2733 ordine
478 2673 563 2733 inter
585 2691 619 2734 sc
640 2672 832 2734 differentes.
863 2672 989 2734 Primus
1013 2678 1046 2734 et
1068 2692 1154 2735 sum·

212 2778 285 2820 mus
308 2759 412 2821 cultus
429 2765 479 2821 est
500 2759 580 2821 fides
595 2760 631 2821 in
647 2760 818 2837 Christum,
843 2760 1022 2824 secundum
1040 2781 1154 2838 vocem

211 2848 309 2909 istam
338 2847 379 2909 de
408 2848 494 2910 coelo
528 2853 714 2910 sonantem:
754 2849 852 2911 Hunc
881 2848 1000 2911 audite.
1061 2850 1153 2913 Haec
1277 2902 1279 2907 .

212 2936 332 2999 fiducia
353 2936 490 2999 includit
512 2938 662 3001 timorem
685 2938 747 3013 dei,
773 2938 917 3001 studium
939 2938 1039 3015 verbi,
1064 2939 1151 3002 invo-

213 3026 389 3102 cationem,
417 3027 609 3107 etreliqua,
635 3046 718 3107 quae
741 3027 846 3107 prima
867 3026 979 3089 tabula
1000 3028 1153 3105 ostendit,

212 3119 245 3175 et
272 3115 390 3178 Paulus
419 3120 512 3178 vocat
538 3110 682 3195 λογικοὺς
711 3116 832 3192 cultus,
872 3116 949 3195 quia
979 3121 1055 3179 sunt
1084 3116 1154 3179 sine
1277 3136 1279 3195 g

211 3203 389 3283 hypocrisi,
420 3210 452 3267 et
473 3210 609 3268 manant
640 3223 681 3266 ex
700 3204 797 3275 corde
825 3224 883 3285 per
905 3204 1056 3286 spiritum
1084 3224 1152 3268 san·

213 3296 302 3354 ctum
324 3292 517 3356 illuminato.

301 3380 486 3444 Secundum
511 3383 618 3445 locum
642 3382 767 3445 obtinet
796 3382 979 3445 obedientia
1006 3402 1081 3463 erga
1108 3401 1152 3447 se·
1277 3378 1279 3397 '

213 3468 354 3532 cundem
378 3470 531 3547 tabulam,
556 3490 613 3534 seu
635 3471 816 3534 dilectionis
839 3490 945 3571 opopa.

304 3677 331 3745 1)
352 3676 410 3731 Gur
421 3680 669 3747 reprehendantur
682 3682 776 3735 cultus
788 3681 820 3737 in
831 3681 930 3736 Israel.
966 3680 994 3749 2)
1014 3678 1148 3735 Oultuum

189 3823 191 3826 v
213 3752 335 3817 quatuor
353 3764 465 3814 genera.
