2575 4225
460 245 561 308 Oscae
582 246 768 327 prophetae.
1033 250 1095 314 103

155 423 279 487 duriter
313 419 415 504 pressi
448 427 553 498 erant,
593 427 690 502 atque
724 422 901 488 miserrime
935 425 1094 498 vivebant.

154 512 191 575 Si
213 510 303 593 apud
326 521 386 574 nos
408 516 492 575 esset
518 530 594 575 vera
621 513 832 592 grammatica
853 513 1007 593 hebraea,
1039 516 1096 582 ubi

154 601 283 683 phrasis
301 599 400 662 huius
414 598 553 680 linguae,
576 600 706 680 figurae,
731 603 904 681 schemata,
928 605 1096 685 proverbia

154 690 356 765 docerentur,
381 708 448 752 non
470 686 615 752 dubium¹
630 695 724 768 esset,
748 691 887 756 Bibliam
910 693 1004 758 nobis
1028 695 1094 758 iore

154 777 357 855 facillimam,
382 777 503 858 alioqui
524 777 726 842 difficillima.

449 937 492 1000 Et
514 937 575 1001 erit
595 937 631 1000 in
655 937 706 1002 die
729 939 794 1003 illo.

154 1043 288 1153 Turris
316 1043 516 1146 magnificus·
529 1049 672 1146 et'totus
694 1045 800 1110 dictus
814 1045 864 1149 'de
887 1067 971 1112 novo
999 1054 1091 1114 testa·

207 1138 329 1209 mento,
354 1137 387 1195 et
408 1131 644 1214 praedroauone
668 1134 844 1214 Evangehr.

446 1292 489 1355 llt
511 1313 577 1356 non
599 1293 728 1358 vocabit
749 1314 812 1357 me.

153 1397 238 1509 Non
261 1398 437 1480 appellabit
466 1418 518 1461 me
547 1399 688 1481 amplius
715 1398 805 1462 Baali
838 1400 981 1464 coniunx
1009 1421 1090 1478 mea,

212 1486 248 1550 id
271 1494 329 1565 est,
353 1488 518 1552 destruam
532 1487 604 1551 illas
618 1488 754 1551 fiducias
771 1489 933 1569 inopere,
958 1495 990 1552 et
1004 1490 1092 1554 hunc

152 1575 207 1637 dei
230 1577 367 1651 cultum,
392 1596 489 1656 quem
512 1577 576 1657 ipsi
598 1576 778 1657 perfeetum
801 1579 969 1658 putabant,
994 1579 1092 1642 etiam

152 1664 335 1740 destruam,
377 1684 452 1727 cum
490 1665 574 1728 dabo
608 1664 881 1747 praedicationem
915 1669 1090 1750 Evangelii.

151 1753 264 1821 Habes
297 1753 351 1816 hic
384 1754 506 1817 clarum
539 1759 681 1830 textum,
716 1754 803 1834 quod
837 1756 960 1820 cultum
993 1757 1091 1822 huius

150 1841 232 1905 idoli
259 1863 333 1906 vero
356 1842 416 1905 deo
446 1842 688 1924 adscripserint,
724 1849 820 1922 atque
848 1865 885 1908 ec
919 1845 1092 1910 credebant

151 1930 263 2012 ipsum
293 1932 363 1994 ooli.
409 1932 520 2012 Neque
548 1932 628 1994 adeo
658 1931 819 1995 arbitreris
841 1933 954 1996 Achab
983 1939 1016 1996 et
1044 1935 1089 1998 Ie-

151 2021 241 2088 sabel
264 2019 443 2084 insensatos
458 2027 491 2083 et
505 2021 652 2100 stupidos
667 2020 838 2101 principes,
855 2026 893 2083 ut
913 2022 1090 2087 daemoniis

149 2108 253 2172 libare
276 2109 385 2186 velint,
410 2108 541 2174 fuerunt
563 2107 808 2191 prudentissimi
829 2117 862 2174 et
877 2111 1091 2176 cordatissimi

149 2197 323 2280 principes,
347 2204 386 2261 ut
406 2199 531 2261 nescias
553 2199 655 2261 ferme
679 2198 779 2263 alium
801 2218 918 2280 regem,
943 2201 1001 2281 qui
1023 2201 1089 2265 feli·

149 2287 219 2351 cius
243 2293 340 2367 atque
366 2287 562 2352 fortunatius
590 2284 751 2368 regnarit·
792 2288 867 2351 Non
892 2289 1025 2354 fuerunt
1053 2296 1090 2355 ut

149 2377 255 2439 nostri
276 2375 447 2457 principes,
472 2377 529 2456 qui
552 2377 619 2440 veri
640 2375 755 2453 trunci,
780 2382 813 2441 et
832 2376 988 2442 insensati
1003 2387 1088 2456 sunt,

148 2470 187 2527 ut
221 2465 346 2528 nescias
379 2466 476 2547 plane
509 2485 563 2528 eos
596 2464 745 2527 homines
780 2484 873 2527 esses
916 2466 1090 2531 Prudentia

149 2553 255 2615 nimia
277 2554 331 2633 (de
354 2554 474 2616 carnali
495 2553 622 2634 loquor)
645 2553 776 2634 impulit
797 2553 920 2631 Achab,
944 2560 983 2618 ut
1004 2553 1088 2619 inve·

149 2642 235 2706 niret
257 2649 290 2705 et
311 2641 492 2706 institueret
513 2643 602 2705 hunc
624 2662 747 2706 novum
769 2641 909 2720 cultum,
939 2663 1005 2723 quo
1027 2664 1088 2709 cre

148 2731 249 2794 debat
271 2730 332 2794 deo
356 2751 423 2809 suo,
448 2732 505 2812 qui
527 2732 615 2813 ipsos
638 2751 681 2793 ex
702 2732 826 2813 Aegyto
849 2732 998 2810 duxerat,
1020 2755 1088 2815 pro-

149 2820 259 2900 prium
301 2820 456 2883 honorem
494 2820 572 2883 fieri.
645 2819 783 2883 Proinde
825 2820 861 2883 in
903 2820 1089 2887 universum

149 2908 374 2971 aemulabatur
408 2908 514 2989 legem
543 2908 642 2985 Mosi,
682 2914 778 2988 atque
807 2910 925 2972 rectius
954 2912 1090 2990 putabat

147 2996 211 3060 hoc
234 2998 324 3060 cultu
346 2997 444 3061 deum
466 2997 542 3074 coli,
577 3018 678 3077 quam
711 2997 784 3078 ipsa
815 2998 894 3078 lege.
952 2998 1088 3063 Proinde

148 3086 368 3166 sequebantur
402 3085 512 3167 ipsum
548 3086 670 3150 summi
702 3086 855 3162 honores,
896 3085 1001 3151 cultus
1035 3086 1089 3151 illc

149 3174 328 3250 crescebat,
360 3174 605 3238 conferebantur
635 3193 782 3237 summac
811 3194 905 3257 opes,
941 3180 974 3239 et
1006 3176 1089 3240 nihil

148 3263 358 3326 omittebatur
391 3263 480 3344 quod
512 3263 622 3346 ipsum
656 3282 842 3345 promovere
875 3270 993 3346 posset.
1046 3266 1089 3329 At
1128 3332 1129 3335 ,

149 3350 254 3415 David
282 3351 527 3433 potentissimus
554 3372 626 3429 rex,
662 3350 743 3432 quid
776 3373 844 3417 non
872 3372 986 3434 passus
1016 3354 1088 3417 est?

162 3440 339 3505 2ersecutus
361 3460 381 3503 a
402 3460 477 3521 rege
498 3438 583 3518 Saul,
607 3439 726 3503 deinde
749 3440 879 3522 fugatus
902 3461 923 3503 a
944 3441 1010 3505 filio
1025 3440 1087 3508 Ab·

157 3528 275 3606 ralone,
315 3549 337 3591 a
365 3528 426 3593 deo
459 3528 597 3611 graviter
630 3524 774 3611 punitus.
831 3526 916 3591 Nam
949 3529 1088 3612 impium

151 3618 273 3721 ‘tultum
300 3618 450 3720 ‘sequitur
478 3638 626 3683 summus
652 3618 771 3681 honor:
804 3611 914 3699 pium,
949 3638 1028 3683 crux
1056 3625 1089 3683 et

149 3724 341 3787 1gnom1n1a.
