2575 4225
453 259 553 322 Oseaa
575 261 760 342 prophetas.
1013 263 1075 326 123

134 457 229 500 meus
253 443 302 500 est
324 410 513 512 salitur-ius„
529 435 563 499 id
592 443 655 514 est,
686 436 804 500 abiecit
832 439 935 518 legem
958 457 1075 514 meam,

134 525 293 589 mandata
314 544 388 589 mea
409 525 552 606 negligit,
577 546 643 589 non
665 527 736 590 vult
764 527 904 608 amplius
934 545 1002 590 esse
1031 527 1076 590 iu-

134 615 217 695 galis
241 615 367 690 asinus,
400 615 534 696 proiecit
560 635 666 692 onera,
699 617 880 699 prorumpit
905 616 941 677 in
972 617 1075 679 carnis

2 722 4 729 ’
134 703 329 780 libertatem,
344 703 414 785 ipse
429 703 493 767 sibi
507 703 695 786 praescribit
714 705 809 786 legas,
834 704 927 786 erigit
942 705 1074 780 cultum,

135 797 224 855 creat
246 812 345 872 reges.

259 951 268 962 “
327 951 463 1014 Munera
485 952 565 1016 dant
587 953 785 1017 amatoribus
808 954 884 1016 suis.

134 1055 183 1168 In
210 1080 283 1133 aar,
312 1056 397 1161 dant·
415 1058 576 1140 stipendia
597 1059 647 1135 iis,
673 1059 791 1162 quipus
814 1059 928 1134 fidunt,
960 1066 1077 1139 regunt

188 1165 232 1222 se,
258 1147 482 1227 conglutmant
504 1167 537 1210 se
560 1168 636 1212 eum
659 1149 817 1228 genubus,
842 1168 900 1210 suo
915 1147 1075 1224 thesauro,

2 1200 4 1303 ζ
133 1236 203 1298 suis
227 1235 345 1317 opibus
378 1237 491 1300 volunt
523 1256 557 1300 se
591 1236 778 1313 defendere,
814 1236 897 1300 nihil
929 1236 1077 1317 indigent

135 1344 210 1387 meo
233 1324 365 1387 auxilio.

342 1484 427 1559 Quia
448 1486 675 1567 multiplicavit
697 1487 862 1569 Ephraim,

193 1612 289 1654 naim
322 1611 491 1673 nunquam
524 1593 687 1655 dehortari
720 1593 827 1675 potui,
866 1599 905 1656 ut
942 1599 1078 1656 cessaret

204 1679 372 1743 aedificare
395 1682 515 1744 altaria.
562 1681 601 1754 Sc
630 1698 691 1747 met
713 1680 751 1762 in
770 1684 823 1748 bct
845 1679 931 1746 mitet
953 1680 1074 1764 prebiqe,

2 1762 4 1865 ξ
134 1777 171 1850 pe
196 1784 259 1834 met
287 1766 326 1848 id)
353 1770 390 1853 tie
419 1768 550 1852 cissimis.
606 1772 680 1834 Non
711 1772 815 1834 solum
843 1770 937 1850 erigit
965 1771 1077 1834 altaria

2 1924 3 1939 ἦ
133 1858 336 1938 peccatricia,
362 1858 417 1921 sed
440 1859 579 1923 traducit
601 1860 636 1922 in
659 1879 755 1922 usum
784 1866 822 1923 ut
850 1864 1014 1921 execretur
1041 1859 1076 1920 in

133 1946 197 2008 hoc
219 1967 319 2097 ctpus,
350 1947 386 2010 in
409 1950 497 2028 quod
519 1949 661 2012 instituti
691 1955 775 2024 sunt,
808 1948 938 2022 scilicet,
969 1953 1008 2010 ut
1029 1947 1076 2009 ibi

2 2062 5 2125 p
133 2054 231 2116 peace
246 2056 295 2098 ur.

343 2196 377 2259 si
399 2170 599 2274 Aestima,
624 2197 864 2278 muspnossu.

132 2299 221 2410 Era
250 2303 334 2405 clare
369 2304 600 2407 praescripsero
634 2324 742 2367 meam
770 2305 889 2385 legem,
921 2304 948 2366 si
970 2304 1074 2366 multi·

197 2393 357 2473 phanum
374 2413 403 2454 s1
417 2413 554 2474 saepiae,
572 2413 698 2475 semper
709 2394 894 2475 depravant,
912 2392 953 2454 ad
965 2412 1076 2454 eorum

3 2465 5 2504 ἶ
134 2500 268 2544 sensum
304 2486 470 2562 torquent,
510 2482 600 2545 aliud
633 2501 760 2563 semper
794 2500 913 2545 nomen
946 2479 1074 2542 indunt.

5 2658 6 2682 ,
133 2566 195 2635 &ie
217 2567 348 2650 madai
370 2568 411 2636 tm
434 2568 479 2637 ric
500 2568 633 2653 adiice
655 2570 750 2650 cutes.

488 2795 635 2865 omn
658 2796 725 2865 IX.

6 2923 7 2952 ¹
133 2920 288 3035 Pursrir
311 2926 470 3006 propheta
491 2925 527 2987 in
549 2925 800 2989 comminatione
829 2925 957 2987 futurae
980 2924 1077 3003 capti·

7 3073 8 3098 ,
195 3013 316 3090 vitatis,
352 3020 385 3077 et
418 3014 558 3077 detrahit
584 3014 631 3077 eis
666 3014 818 3077 fiduciam
848 3018 880 3075 et
910 3011 1076 3087 auxilium,

7 3103 8 3108 ’
133 3122 201 3181 quo
224 3102 391 3165 nituntur:
417 3104 579 3168 invehitur
602 3108 714 3166 contra
736 3121 847 3164 eorum
863 3101 1075 3175 securitatem,

135 3210 203 3269 qna
235 3191 357 3255 frustra
389 3212 503 3273 pacem
537 3192 673 3255 eredunt
707 3190 850 3252 futuram
884 3209 983 3269 quam
1021 3188 1079 3250 diu

139 3280 297 3344 recedunt
319 3281 431 3361 alege
453 3280 589 3344 domini.

418 3439 584 3503 Dilexistis
606 3439 797 3503 mercedem.

175 3542 342 3653 [mennam
373 3547 457 3611 sicut
479 3565 577 3628 supra
599 3546 635 3608 in
660 3548 688 3608 2.
714 3545 841 3647 Capita,
864 3542 1076 3645 notatabun·

204 3636 351 3700 dentiam
374 3641 407 3699 et
425 3636 553 3716 copiam
573 3635 800 3717 temporahum
815 3651 938 3707 rernm,
962 3629 997 3693 1d
1019 3636 1077 3705 est,

198 3726 335 3809 sperasti
362 3724 596 3789 abundantiam
624 3722 781 3786 mercedis
809 3742 866 3803 pro
896 3726 952 3783 tuo
979 3720 1077 3793 cultu,
1108 3741 1110 3744 ’
