2575 4225
205 267 273 333 344
546 268 652 350 Caput
674 274 803 347 sextum

204 449 393 513 servabatur
415 446 450 509 id
473 446 592 510 Christi
615 446 780 509 sacrificio.
820 444 979 509 Obedient
979 444 1029 507 iae
1048 450 1153 509 exter-

202 557 285 603 num
305 536 494 600 exercitium
516 541 617 611 erant,
642 555 707 615 quo
730 535 810 598 deus
833 553 929 597 suum
952 535 1109 616 populum
1130 554 1156 597 a

203 625 366 707 gentibus
377 623 480 689 voluit
502 624 692 701 discernere,
717 644 784 687 non
806 623 908 689 voluit
894 629 980 687 teos
996 642 1034 687 eo
1049 622 1154 687 modo

204 734 225 782 a
247 733 346 797 pecca
345 713 388 777 tis
345 710 555 777 tliberare.

247 903 338 1017 Irsi
376 912 528 985 antem,
568 908 677 971 siout
713 907 851 984 Adam,
898 906 1156 988 transgressi.

298 1003 392 1060 sunt
414 995 571 1073 foedus,
595 995 653 1059 ibi
675 1000 913 1079 spreverunt
934 1016 1002 1072 me,
1155 1010 1159 1017 ¹

203 1187 222 1230 ⁸³
278 1212 333 1256 aec
356 1191 517 1256 conclusio
540 1198 589 1255 est
610 1191 709 1255 huius
732 1188 904 1269 concionis,
929 1210 1012 1272 quae
1030 1192 1154 1255 multos

299 1280 442 1361 insignes
464 1282 550 1344 locos
571 1279 680 1344 habet.
726 1280 824 1343 Initio
846 1280 933 1343 bona
955 1286 1004 1343 est
1026 1280 1157 1361 peccati

206 1371 386 1451 descriptio,
411 1370 498 1450 quod
523 1370 566 1432 sit
580 1369 789 1450 transgressio
805 1368 952 1432 foederis.
982 1369 1047 1431 Est
1062 1370 1153 1431 enim

205 1458 440 1535 inobedientia,
471 1477 554 1537 quae
576 1459 677 1522 habet
703 1457 847 1521 additam
876 1476 1026 1539 poenam.
1073 1457 1155 1521 Ideo

205 1550 317 1610 'autem
339 1545 430 1608 Adae
452 1545 618 1622 meminit,
651 1552 688 1609 ut
711 1545 860 1609 ostendat
882 1548 1051 1628 peccatum
1080 1552 1156 1627 pro·

171 1658 179 1675 ¹
207 1635 320 1720 pagari
342 1634 378 1696 in
399 1654 469 1697 nos.
520 1628 628 1717 {Sicut
652 1635 740 1697 enim
755 1634 845 1697 Adae
859 1635 1062 1716 prohibitum
1077 1635 1171 1713 fuit·

207 1744 250 1787 ne
273 1724 420 1788 arborem
443 1722 595 1787 scientiae
617 1723 697 1787 boni
719 1730 751 1787 et
773 1724 851 1785 mali
874 1723 1054 1803 attingeret,
1082 1724 1156 1806 ipse

208 1813 393 1877 autem'dei
415 1811 574 1876 voluntati
602 1833 669 1876 non
696 1812 817 1894 paruit,
850 1818 882 1875 et
910 1810 983 1875 ideo
1012 1830 1154 1893 poenam

207 1900 285 1967 huic
308 1907 439 1983 peccato
461 1902 662 1984 propositam
684 1901 828 1964 incurrit.
874 1900 925 1963 Ita
951 1920 1048 1963 suum
1076 1922 1156 1982 quo·
1280 1924 1282 1941 ι

163 1995 165 1997 ’
209 2009 272 2072 que
301 1991 460 2073 populum
489 1989 568 2053 deus
595 1990 698 2053 voluit
726 1989 894 2069 alligatum
922 1989 964 2051 ad
998 1990 1155 2053 noticiam
1280 2032 1282 2075 ᾗ

209 2080 262 2145 dei
285 2086 318 2143 et
340 2079 544 2142 dilectionem
566 2078 718 2160 proximi.
765 2077 828 2142 Sed
851 2078 931 2158 quid
954 2078 1015 2142 fit?
1045 2078 1154 2142 Adam
1279 2076 1282 2134 l

208 2187 345 2252 pomum
367 2167 575 2231 interdictum
598 2169 726 2249 arripit,
742 2167 856 2230 Iudaei
877 2167 1032 2230 noticiam
1049 2168 1102 2230 dei
1121 2174 1159 2230 et

208 2263 242 2320 et
264 2257 469 2320 dilectionem
492 2255 632 2336 proximi
656 2255 826 2332 abiiciunt,
857 2262 889 2320 et
915 2256 1059 2320 serviunt
1077 2257 1158 2319 suis

210 2345 388 2410 commodis
410 2350 443 2408 et
463 2342 580 2407 honori
612 2364 680 2407 suo.
726 2345 840 2425 itaque
868 2364 988 2425 poenas
1018 2345 1053 2407 in
1083 2345 1157 2426 lege

210 2435 390 2519 propositas
413 2434 590 2497 incurrunt.

299 2523 442 2587 Pertinet
465 2527 574 2586 autem
597 2521 735 2585 foederis
758 2521 880 2585 mentio
904 2520 1003 2584 etiarn
1033 2541 1086 2599 eo,
1117 2527 1159 2586 ut
1280 2563 1282 2582 ι

212 2610 362 2676 ostendat
394 2610 623 2692 promissiones
653 2611 729 2673 huic
757 2611 878 2692 populo
912 2610 953 2672 de
986 2629 1086 2691 regno
1119 2617 1157 2674 et
1281 2647 1282 2666 ι

211 2699 388 2764 sacerdotio
411 2699 527 2774 factas,
552 2718 620 2760 esse
644 2698 895 2776 condicionales,
923 2704 1034 2762 contra
1056 2700 1155 2764 obsti·

210 2794 323 2852 natam
345 2786 538 2849 Iudaeorum
560 2791 749 2868 praesumpt
735 2787 870 2864 tio,nem
899 2788 957 2868 qui
982 2801 1156 2870 nunquam
1280 2789 1282 2862 5

211 2878 358 2942 futurum
373 2881 433 2959 put
419 2874 542 2952 ttaban,
519 2880 596 2937 tut
610 2872 690 2938 deus
706 2870 858 2939 abiiceret
872 2876 1030 2957 populum
1045 2896 1154 2940 suum

210 2967 301 3040 Quae
324 2986 450 3046 sequun
450 2970 518 3040 t,ur
541 2963 627 3026 hanc
651 2966 832 3044 generalem
855 2959 1049 3028 sententiam
1072 2967 1158 3030 evol-

210 3060 301 3132 vunt,
327 3055 421 3118 etde
444 3053 550 3135 specie
571 3054 759 3133 loquuntur

304 3245 414 3310 ilead
437 3247 586 3312 civitas
609 3248 867 3329 operantium
888 3247 1159 3329 iniquitatem

224 3340 227 3343 ’
320 3341 395 3412 est,
417 3337 535 3416 plena
556 3335 777 3417 sanguinis.

304 3545 330 3614 1)
350 3545 438 3600 Gene.
457 3542 482 3599 2.

1072 3673 1152 3684 n·—

304 3739 329 3808 ')
348 3741 384 3793 In
402 3758 489 3809 marg.
509 3743 570 3797 coll.
589 3743 668 3798 Ien.:
685 3743 837 3798 Peccatum
856 3741 945 3810 quid?
1045 3807 1046 3810 ,
