2575 4225
441 282 568 347 Hoseae
591 276 776 366 prophetae.
1011 283 1076 349 417

130 454 225 568 Hoc
257 460 362 540 magis
390 456 628 524 observandum
658 467 721 538 est,
752 478 827 525 eum
855 461 922 524 fere
951 480 1080 545 semper

209 548 347 629 apostoli
377 549 620 617 translationem
650 551 855 632 septuaginta
892 556 1076 631 sequantur,

131 635 227 719 quod
248 637 432 701 Matthaeus
453 638 515 701 hoc
537 638 573 701 in
594 639 664 703 loco
688 638 885 702 libraeorum
910 638 1012 701 biblia
1033 658 1078 704 se·

132 725 196 807 qui
216 725 328 789 veluit.
374 727 459 789 Nam
481 728 686 809 septuaginta
704 748 771 791 non
793 726 997 809 singularem,
1022 726 1080 792 sed

131 814 296 897 pluralem
330 834 502 879 numerum
533 816 670 881 habent:
712 817 763 879 Ex
792 818 939 899 Aegypto
969 814 1081 883 vocavi

136 904 221 967 filios
249 902 328 967 eius.
374 904 474 968 Hunc
495 925 633 969 errorem
662 904 791 987 corrigit
813 905 1018 985 evengelista,
1048 912 1081 970 et

13 1045 15 1048 .
133 1013 198 1075 pro
219 1012 281 1055 sua
309 992 480 1057 auwritate
502 994 668 1058 ostendere
697 994 760 1057 hoc
785 994 970 1058 testimonio
1000 994 1079 1072 vult,

13 1141 16 1156 ,
137 1082 227 1145 hune
249 1081 383 1145 lhesum
404 1103 447 1145 ex
469 1083 572 1148 Maria
593 1089 716 1160 natum,
740 1088 774 1146 et
796 1102 837 1146 ex
853 1085 1000 1165 Aegypto
1023 1102 1082 1166 per

137 1170 292 1250 angelum
313 1177 479 1249 vocatum,
517 1192 586 1236 esse
610 1192 722 1236 verum
744 1166 798 1235 dei
820 1173 943 1235 aeterni
964 1172 1079 1250 filium,

133 1259 181 1321 ab
204 1265 334 1323 aeterno
362 1261 518 1341 genitum.
564 1261 642 1324 Ideo
656 1261 771 1325 uerius
799 1261 835 1323 in
858 1278 933 1325 eum
956 1281 1081 1343 compe·

105 1377 108 1383 ·
135 1353 207 1411 tere
229 1348 291 1411 hoe
314 1350 536 1413 testimonium
551 1349 736 1432 prophetae,
761 1368 861 1431 quam
883 1351 920 1412 in
942 1357 1082 1415 veterem

138 1437 308 1519 populum,
333 1438 390 1519 qui
404 1458 473 1502 non
487 1444 610 1515 natura,
635 1438 692 1501 sed
714 1438 886 1521 adoptione
901 1445 970 1503 erat
986 1440 1080 1503 filius.

135 1527 232 1589 Haec
255 1526 396 1609 simplex
415 1533 451 1590 et
472 1527 614 1608 genuina
635 1528 797 1591 sententia
818 1534 876 1592 est.
936 1562 938 1569 v

238 1746 459 1804 eeaverunt
473 1760 539 1803 eos
555 1740 792 1822 prophetae,
809 1740 878 1803 sed
895 1738 1084 1803 abierunt

255 1830 398 1893 aiacis
427 1828 604 1906 illorum,
635 1828 979 1892 sacrificaverunt
1007 1833 1084 1891 sta·

185 1917 269 2069 pubis
284 1917 388 1993 Baal,
413 1924 450 1981 et
472 1918 712 1982 obtulerunt
727 1917 891 1980 incensa
913 1917 1083 1998 sculpti·

207 2027 219 2068 1
251 2026 307 2070 us.

13 2192 15 2219 ¹
138 2207 247 2322 *Hie
266 2211 383 2293 incipit
398 2212 602 2294 exprobratio
617 2208 865 2296 inobedientiae,
883 2208 970 2291 quod
986 2175 1084 2292 popu·

13 2294 15 2351 l
238 2300 291 2364 lus
310 2300 485 2365 translatus
504 2302 540 2363 in
562 2305 681 2364 terram
704 2299 853 2377 Censen,
877 2304 910 2361 et
932 2299 1018 2362 varie
1041 2312 1086 2362 er·

143 2395 241 2453 natus
265 2409 285 2452 a
306 2389 455 2466 domiuo,
490 2389 638 2452 discessit
660 2410 681 2451 a
707 2390 819 2466 verbo,
851 2394 884 2451 et
904 2386 1090 2450 idolatriam

14 2491 25 2559 f
141 2485 276 2542 secutus
297 2484 356 2542 est,
412 2480 453 2541 In
479 2479 604 2541 Ebraeo
627 2478 767 2541 brevitas
789 2476 1017 2540 obscuritatem
1035 2495 1089 2556 pa·

143 2568 197 2631 rit.
249 2567 411 2648 Propheta
435 2567 623 2649 Antithesin
653 2567 723 2630 vult
750 2564 953 2629 considerari.
1007 2564 1091 2628 Cum

146 2657 248 2718 Israel
266 2662 351 2720 esset
371 2676 461 2737 puer,
485 2662 518 2719 et
540 2676 599 2736 ego
614 2674 762 2720 vocarem
785 2674 870 2731 eum,
894 2653 1090 2735 obtempera·

147 2745 220 2820 bat,
249 2745 443 2824 sequebatur
464 2751 642 2810 vocantem.
689 2743 783 2828 Nune
806 2763 935 2823 quoque
961 2749 1092 2807 vocatur
1219 2801 1220 2804 ,
1250 2737 1278 2840 3

146 2853 207 2915 per
228 2833 403 2915 prophetas
425 2854 524 2911 meos,
551 2834 681 2896 iubetur
703 2832 850 2896 insistere
870 2851 978 2895 veram
993 2832 1106 2908 viam,
1230 2833 1256 2874 Ἣ

148 2921 315 2986 attendere
338 2923 452 3000 verbo,
480 2928 641 3003 praestare
664 2940 756 2985 veros
779 2921 893 2982 cultus.
940 2918 1003 2982 Sed
1024 2938 1093 2982 non

145 3012 339 3091 acquiescit,
374 3012 435 3074 alio
463 3011 560 3075 vertit
588 3009 718 3086 faciem,
750 3013 900 3071 vocantes
928 3019 995 3070 non
1023 3007 1094 3071 vult

147 3099 279 3176 audire,
311 3120 378 3162 non
400 3099 507 3180 sequi,
531 3119 585 3162 me
608 3097 757 3178 negligit,
781 3097 858 3160 colit
879 3097 1012 3172 Baalim,
1040 3115 1096 3159 me

145 3189 262 3253 vivum
285 3188 385 3251 deum
408 3188 595 3264 contemnit,
620 3192 654 3250 et
676 3186 789 3275 adorat
811 3184 982 3267 sculptilia.

194 3391 288 3502 Eoo
327 3391 508 3455 incedere
547 3390 661 3453 docui
696 3389 906 3471 Ephraim,
952 3394 1095 3452 tenens

258 3481 425 3544 brachia
458 3481 558 3556 eius,
598 3486 638 3543 et
671 3485 805 3542 tamen
838 3499 916 3541 non
950 3497 1096 3558 cogno·

196 3576 354 3646 verunt,
379 3569 482 3650 quod
506 3589 576 3649 ego
600 3588 789 3632 sanarem
813 3588 888 3632 eos.
1080 3569 1082 3576 “

245 3763 270 3830 ·)
288 3763 324 3815 In
342 3776 429 3829 marg.
449 3761 511 3816 coll.
529 3761 605 3814 Ian:
623 3758 817 3828 Exprobratio
829 3757 1058 3816 inobedientiae,

195 3859 282 3900 Letharl
296 3869 344 3909 opp.
358 3863 443 3908 exeget
470 3859 519 3900 Vct
532 3859 608 3900 mv.
901 3848 936 3902 27
