2575 4225
137 306 142 317 ·
220 270 283 334 132
455 268 560 350 caput
581 268 713 332 tertium
736 267 908 346 decimum.

214 455 284 512 ram
317 447 401 509 bene
434 446 475 509 de
509 446 600 510 vobis
634 445 781 508 merenti.
832 445 891 508 Ille
925 449 1016 526 pater
1051 451 1158 510 vester

213 536 311 599 Iacob
334 535 418 598 inter
440 535 542 598 malos
563 535 728 612 homines,
752 540 785 597 et
807 533 1001 617 peregrinos,
1025 535 1158 599 servivit

215 624 362 701 domino,
393 629 427 688 et
447 623 569 688 mansit
590 623 710 699 fidelis,
742 642 799 686 vos
822 623 957 686 renuitis
980 623 1097 688 servire
1120 624 1157 687 in

214 719 326 795 parato
356 733 454 794 regno
483 719 516 776 et
545 714 635 776 omni
666 711 874 776 abundantia.
921 712 1059 776 Proinde
1088 732 1157 778 non

214 801 274 864 filii
294 801 393 866 huius
416 801 516 883 patris
539 802 626 878 estis,
652 800 718 864 sed.
731 801 867 865 abortivi
891 806 923 865 et
945 800 1057 882 spurii.

542 956 689 1026 GAI’V'I
717 955 824 1025 XIII.

240 1111 340 1152 raavu
365 1107 467 1151 novus
490 1106 595 1150 sermo
618 1085 735 1162 oritur,
765 1091 934 1167 propterea
963 1084 1051 1166 quod
1073 1084 1160 1149 vidit

256 1178 416 1259 propheta
444 1195 544 1240 novas
571 1175 734 1251 victimas,
771 1194 871 1238 novos
903 1175 1025 1251 cultus,
1062 1174 1159 1255 quasi

215 1265 347 1329 diceret:
383 1266 525 1347 Populus
551 1264 612 1327 iste
646 1284 713 1328 non
742 1263 820 1327 satis
850 1263 963 1341 habet,
998 1264 1157 1326 hactenus

214 1373 379 1436 peccasse,
415 1352 471 1417 sed
502 1373 624 1417 novum
653 1353 776 1416 cultum
803 1352 946 1416 instituit
973 1372 1038 1434 quo
1060 1372 1158 1434 porro

215 1449 333 1523 peccet.
382 1453 390 1467 ‘

508 1584 635 1648 Vitulos
658 1583 856 1648 osculamini.
984 1590 995 1600 ‘

215 1686 367 1802 Oscvnvn
389 1692 602 1794 elwinum.
615 1690 820 1793 adorationis,
844 1710 902 1772 per
924 1690 1059 1754 verbum
1080 1709 1158 1770 ergo

268 1781 470 1857 osculemrnr,
501 1779 654 1859 intellrg1t
681 1781 821 1857 cultum,
852 1779 1025 1855 honorem,
1057 1798 1158 1859 quem

215 1869 310 1933 idolis
344 1869 542 1933 adtribuunt.
600 1867 830 1932 Sacrificabant
870 1869 969 1932 etiam
1007 1867 1158 1931 homines
1267 1901 1274 1908 -

215 1959 421 2022 charissimos
443 1957 526 2022 filios
548 1956 644 2020 idolo.
691 1957 776 2020 Nam
798 1977 836 2020 eo
859 1955 1032 2020 credebaut
1054 1975 1088 2019 sc
1103 1956 1157 2020 ob·

216 2048 366 2129 sequium
389 2048 551 2111 facturum
573 2046 643 2111 deo.
690 2046 741 2108 Ita
756 2045 965 2127 colligebant:
991 2045 1159 2108 Abraham

215 2137 318 2201 voluit
351 2136 517 2199 immolare
550 2136 655 2199 fihum
690 2155 801 2213 suum,
842 2156 906 2217 quo
943 2135 1029 2199 facto
1062 2135 1159 2198 unice

215 2225 364 2307 placebat
386 2224 463 2299 deo,
495 2242 551 2286 cur
578 2244 653 2304 ergo
680 2244 739 2287 nos
769 2245 836 2288 non
864 2225 1062 2305 placeremus
1084 2222 1158 2301 deo,

216 2313 245 2376 si
266 2313 354 2379 idem
377 2312 576 2376 faceremus?
599 2312 682 2376 Vidc
703 2333 858 2394 quorsum
873 2314 996 2377 ducant
1010 2314 1160 2396 exempla

216 2403 285 2466 sine
308 2402 381 2466 fide,

440 2544 563 2608 Idcirco
586 2550 682 2608 erunt
704 2544 798 2626 quasi
821 2544 934 2608 nubes.

215 2648 294 2759 Vos
333 2650 490 2732 regnatis,
535 2656 568 2713 et
606 2651 707 2755 gloria
747 2650 995 2755 praedicationis
1034 2655 1159 2715 vestrae

275 2759 394 2819 magna
408 2744 466 2801 est.
514 2738 626 2803 cultus
648 2740 703 2803 hro
718 2747 786 2803 tam
801 2739 905 2803 dulcis
920 2739 1029 2816 nobis·
1048 2759 1158 2820 quem·

216 2827 394 2891 admodum
421 2846 474 2890 ros
501 2828 690 2892 matutinus.
736 2829 896 2893 Describit
923 2828 978 2892 hic
999 2828 1160 2911 propheta

216 2916 421 2981 dulcedinem
436 2920 469 2979 et
483 2915 679 2995 felicitatem,
703 2938 803 2999 quam
817 2917 917 2982 habet
931 2938 972 2981 ex
986 2917 1075 2981 cultu
1090 2917 1157 3001 pio.

527 3060 575 3121 De
598 3080 699 3122 manu
722 3060 850 3122 inferni.

216 3163 372 3274 [alemus
401 3167 437 3228 in
465 3166 634 3270 spriptura
659 3186 754 3248 saepe
783 3185 841 3271 pro
871 3174 974 3230 morte
1007 3167 1157 3269 sumitur.

258 3252 307 3335 503
329 3254 395 3337 burg
416 3254 448 3336 ba
470 3255 512 3320 bre
535 3254 586 3335 leel
607 3252 657 3335 im
679 3270 738 3339 meg
760 3260 863 3337 mmtt,
887 3275 928 3318 ex
950 3257 1012 3319 hac
1034 3261 1112 3319 vita.

255 3518 258 3522 ,
392 3449 507 3513 APVD
535 3448 723 3513 THOMAM
753 3448 984 3516 usOLFFIVM

489 3573 605 3637 ANNO
627 3574 671 3636 M.
696 3574 735 3636 D.
759 3574 880 3638 XXVI.

576 3727 787 3748 Q..—
