2575 4225
456 290 556 353 Ozeae
579 291 763 371 prophetae.
1036 292 1079 355 45

451 464 668 531 comederunt
689 463 766 531 θῖο.ι

134 574 263 637 idest:
289 573 443 654 quiequid
466 574 573 654 potuit
600 573 722 639 viribus
744 576 810 639 suis
834 582 904 653 etc,
928 577 964 640 in
992 578 1077 654 vino,

136 669 234 738 terra,
258 662 430 739 frumenta,
454 660 559 746 [relies
581 663 681 729 subm
702 663 770 731 [etit

549 823 667 899 Nescit,

136 930 268 1010 ignorat
282 929 464 1010 legendum,
488 928 602 993 idest:
627 931 696 1011 ipse
719 937 768 994 est
789 952 888 1014 prope
911 932 1079 997 interitum

136 1038 247 1095 suum,
272 1016 303 1097 θῇ
326 1016 376 1099 itte
400 1016 464 1099 ouh,
488 1017 537 1099 bot
559 1016 615 1098 leit
638 1019 706 1100 helie
726 1017 791 1100 gerit
812 1019 921 1102 gelabit.
945 1057 989 1067 —

412 1178 453 1241 llt
476 1179 702 1242 humiliabitur
724 1173 803 1242 etc.2

231 1284 277 1348 sic
300 1304 405 1367 supra.

220 1444 263 1508 llt
284 1445 492 1526 respondebit
514 1446 666 1525 superbia
688 1452 719 1508 et
741 1445 823 1508 facie
846 1447 915 1509 eius
937 1453 996 1510 etc.

229 1556 403 1631 utrumque
418 1556 525 1633 potest
540 1558 631 1615 stare.
656 1552 862 1633 respondebit
876 1554 959 1616 mihi
974 1554 1077 1634 magis

136 1640 255 1723 placet,
280 1638 341 1707 elui
358 1640 441 1706 turbt
458 1640 557 1707 unbete
579 1640 671 1722 luget,
694 1642 877 1704 alternatim
892 1642 1006 1719 dicere,
1031 1643 1077 1705 sic

136 1733 190 1791 est
211 1728 349 1792 hebraea
371 1750 443 1794 vox.
484 1722 568 1793 ³una
582 1736 657 1811 post
670 1730 804 1792 alteram
818 1731 1078 1794 humiliationem

137 1823 292 1901 sequetur
314 1823 372 1881 etc.

461 1979 527 2040 Nec
550 1980 667 2041 reversi
690 1985 748 2041 etc.

105 2058 108 2065 ¹
229 2084 406 2166 Prophetae
435 2105 492 2166 pro
523 2086 627 2168 primo
659 2091 828 2167 praecepto
856 2092 889 2148 et
922 2106 980 2167 pro
1014 2086 1077 2149 fide

135 2178 275 2253 egerunt
297 2175 407 2236 omnia
429 2181 487 2237 ete.
535 2175 708 2237 Summum
735 2180 904 2256 peccatum
932 2176 1075 2238 incredu-

0 2313 14 2321 ,
133 2263 272 2339 litatem,
296 2269 335 2326 ut
356 2282 452 2340 nunc,
478 2265 654 2346 prophetae
676 2269 791 2328 notant
813 2270 871 2328 etc.

457 2424 496 2485 In
520 2425 671 2487 omnibus
692 2423 754 2487 his.

229 2549 428 2610 quamquam
461 2530 668 2606 laceraretur,
703 2537 736 2594 et
769 2529 975 2611 responderet
1008 2530 1077 2592 eius

134 2617 264 2680 malitia
297 2619 333 2680 in
361 2619 477 2682 faciem
500 2625 559 2682 etc.
605 2626 717 2683 tamen
751 2639 818 2682 non
851 2637 994 2683 reversus
1029 2624 1078 2681 est

133 2705 181 2768 ad
203 2705 373 2770 dominum
394 2715 454 2771 etc.
500 2709 584 2771 Nota
606 2706 649 2771 de
668 2708 775 2772 Achae
797 2707 898 2790 impio
913 2727 995 2788 rege,
1019 2707 1077 2787 qui

15 2843 20 2848 .
133 2814 203 2875 quo
226 2796 329 2876 magis
352 2797 548 2873 credebatur,
573 2817 611 2860 eo
634 2799 737 2878 magis
752 2797 980 2880 multiplicavit
1000 2798 1075 2860 alta·

0 2914 1 2917 ¹
132 2883 187 2946 ria
201 2890 261 2947 etc.
306 2884 358 2948 Sic
373 2885 475 2950 nostri
490 2893 548 2950 etc.
570 2892 740 2968 peccatum
760 2894 892 2970 peccato
914 2886 1074 2961 auximus,

133 2971 268 3052 quando
291 2975 451 3039 voluimus
474 2976 585 3058 plagas
608 2975 765 3057 depellere
788 2981 821 3039 et
842 2975 1015 3058 deprecari.

426 3135 468 3200 Εῖ
490 3136 594 3199 factus
618 3142 668 3199 est
689 3129 780 3211 etc,4

133 3237 173 3300 id
196 3243 259 3302 est:
284 3242 447 3306 seductilis
470 3250 503 3305 et
529 3243 748 3324 persuasibilis
777 3241 828 3307 vel
856 3242 1010 3325 simplex,
1041 3241 1076 3302 id

134 3333 202 3388 eet:
228 3329 298 3409 ipse
320 3330 483 3394 seducitur
505 3351 525 3393 a
547 3332 613 3394 suis
637 3331 726 3395 falsis
750 3331 915 3413 prophetis
939 3337 971 3393 ct
993 3330 1076 3392 nihil

188 3415 260 3480 'icat
289 3417 329 3480 de
352 3419 505 3484 doctrinis
528 3441 649 3483 eorum.
696 3422 787 3497 Ecce,
817 3439 948 3483 causam
976 3418 1075 3481 totius

188 3505 260 3568 oris.
300 3506 366 3572 Nos
389 3527 502 3572 sumus
521 3509 627 3573 adhuc
645 3509 796 3573 columba
816 3508 909 3572 facile
932 3506 1074 3583 credens,

184 3593 325 3658 minibus
348 3596 517 3674 credimus,
543 3597 603 3661 deo
626 3619 694 3661 non
716 3598 796 3660 item
818 3602 877 3660 etc.
916 3595 1017 3660 Addit

172 3715 354 3728 m

227 3767 254 3836 1)
269 3745 330 3824 vsse.
354 3769 383 3837 a)
397 3769 477 3825 vio.
502 3770 531 3838 3)
546 3770 709 3841 Incipitfol.
720 3769 928 3828 nancisci.
951 3769 981 3837 4)
995 3789 1020 3825 v.
1033 3769 1073 3823 11.
