2575 4225
234 279 300 342 484
475 277 579 360 Caput
602 282 754 358 quartum
777 276 941 339 decimum

234 461 409 518 aeternam.
458 454 529 518 Etsi
550 454 649 534 igitur
671 471 777 536 poena
799 452 971 535 corporalia
993 452 1030 515 in
1053 472 1112 516 noe
1136 453 1180 516 in·

235 543 369 618 cumbit,
393 548 505 606 tamen
519 563 593 624 apes
616 544 658 606 de
673 542 863 606 remissione
886 547 1035 606 aeternae
1058 561 1181 624 poenae

235 630 405 694 retinenda
427 631 562 695 firmiter
584 637 649 708 eat,
674 637 707 696 et
728 651 787 714 pro
810 651 849 694 ea
870 629 1040 694 orandum.
1071 631 1181 694 Osten-

236 720 287 784 dit
309 726 418 783 autem
441 719 521 784 deue
535 721 636 786 misso
659 721 726 784 filio
749 740 818 796 suo,
842 739 1032 800 quanquam
1055 719 1181 783 caiami-

237 808 359 871 tatibus
386 810 481 873 oertia
509 815 692 891 peccatores
715 809 758 872 sit
779 808 982 885 visitaturus,
1013 814 1127 872 tamen
1148 809 1182 870 li-
1270 849 1271 858 κ

237 897 351 960 benter
372 903 519 961 aeternae
541 918 664 980 poenae
687 898 896 962 remissurum
918 897 973 974 iis,
998 897 1056 978 qui
1078 897 1184 960 filium
1269 917 1271 984 a

237 986 488 1068 apprehendunt
502 987 576 1064 fide,
600 987 717 1051 eteius
740 987 855 1050 merito
871 988 1029 1050 nituntur.
1069 987 1183 1067 Itaque
1269 1043 1271 1070 ,

238 1076 287 1156 pii
308 1076 370 1138 hoo
396 1096 468 1157 epe,
505 1075 593 1157 quod
615 1096 691 1140 vera
720 1082 753 1139 et
775 1081 904 1139 aeterna
933 1094 1039 1156 poena
1061 1075 1186 1156 peccati

238 1164 373 1228 remissa
395 1166 438 1228 ait
462 1185 521 1246 per
542 1165 648 1228 filium
671 1165 740 1240 dei,
770 1184 804 1226 se
828 1165 1035 1227 consoiautur
1062 1171 1096 1226 et
1118 1165 1184 1228 vin-

238 1259 318 1316 cunt
339 1253 546 1317 difficultates
569 1273 681 1318 omnes
704 1253 802 1317 huius
825 1253 924 1329 vitae,
952 1272 1093 1332 quarum
1115 1273 1185 1335 pec·

238 1347 349 1405 catum
371 1361 469 1405 cauea
491 1349 550 1406 est,

327 1431 417 1493 Haec
444 1430 485 1493 de
515 1431 621 1512 prima
650 1430 747 1494 huiua
780 1429 1060 1512 praecatiunculae
1095 1437 1186 1511 parte

238 1519 417 1580 necessaria
442 1519 513 1581 vira
542 1524 635 1595 aunt,
665 1539 751 1600 quae
781 1518 1038 1582 admoneremus,
1092 1519 1188 1582 Nune

239 1606 362 1687 reliqua
384 1626 513 1688 quoquo
535 1607 728 1672 videbimue.

241 1816 325 1929 Nou
340 1820 418 1884 satie
433 1825 483 1884 eet
497 1821 673 1903 prophetae
689 1817 846 1896 docuisse,
870 1825 907 1882 ut
923 1839 981 1901 pro
998 1817 1189 1884 remissione

308 1915 512 1990 peccatorum
542 1929 579 1972 ac
607 1928 700 1972 verae
730 1915 762 1972 et
790 1914 938 1972 aeternae
966 1927 1092 1990 poenae
1121 1915 1191 1972 oret

241 1998 391 2078 populus,
416 1997 508 2060 addit
523 1997 621 2060 aliam
643 1997 845 2078 particulam,
871 2002 903 2059 et
918 1994 1017 2072 iubet,
1042 2003 1081 2060 ut
1096 2004 1190 2061 orent

242 2085 342 2148 etiarn
365 2085 480 2150 donari
501 2086 635 2149 bonum.

331 2175 396 2237 Hic
417 2176 562 2257 primum
583 2175 683 2238 lector
710 2176 856 2238 observet
878 2173 1072 2238 vocabulum
1098 2174 1188 2251 ,Tob‘

243 2282 310 2325 non
333 2262 437 2348 accipi
459 2263 574 2326 eodem
596 2263 702 2340 mode,
727 2263 847 2326 alicubi
869 2262 1030 2343 significat
1057 2264 1189 2327 benedi·

242 2352 383 2414 ctionem
406 2352 613 2435 corporalem,
641 2358 679 2416 ut
693 2352 776 2415 Psal.
795 2346 866 2414 25.¹
916 2352 1037 2415 Anima
1059 2352 1130 2415 eius
1154 2353 1190 2415 in

243 2440 329 2503 bono
357 2440 622 2517 commorabitur,
654 2441 757 2504 Ecole.
783 2434 834 2503 8?
889 2440 1017 2503 Bonum
1044 2460 1112 2504 non
1128 2442 1192 2504 erit

242 2529 355 2609 impio.
413 2530 512 2593 Gerre.
553 2522 627 2592 45.⁸
682 2530 774 2593 Dabo
808 2527 900 2593 vobis
934 2548 1030 2591 omne
1064 2531 1191 2593 bonum

241 2623 345 2678 terrae
372 2618 522 2699 Aegypti.
568 2619 664 2681 Deut.
701 2613 751 2681 6.4
800 2618 923 2681 Domus
949 2618 1063 2699 plenae
1098 2621 1191 2683 omni

243 2704 339 2764 bono.
385 2705 628 2784 Nonnunquam
650 2711 825 2787 usurpatur
847 2727 904 2788 pro
928 2725 981 2783 eo,
1018 2706 1107 2788 quod
1129 2728 1190 2771 nos

244 2791 459 2855 communiter
488 2793 613 2856 bonum
636 2813 693 2857 eeu
716 2800 840 2858 rectum
870 2796 968 2859 etiam
991 2816 1099 2858 coram
1127 2796 1191 2860 deo

244 2879 393 2957 dicimus,
418 2887 456 2945 ut
477 2882 572 2946 Deut.
591 2876 642 2946 6.δ
692 2884 735 2946 nt
757 2884 855 2946 facies
871 2889 994 2947 rectum
1017 2890 1051 2947 et
1064 2886 1190 2949 bonum

244 2968 281 3030 in
306 2970 405 3031 oculis
437 2969 573 3034 domini.
619 2972 672 3035 Ita
699 2991 794 3053 caepe
823 2972 859 3035 in
882 2972 979 3035 oacrio
1007 2972 1108 3036 literis
1137 2995 1189 3037 vo·

211 3114 215 3119 ,
243 3063 335 3120 catur
356 3058 460 3121 bonus
487 3079 545 3141 pro
567 3060 670 3137 iusto,
702 3065 739 3122 ut
762 3060 866 3123 Eccle.
891 3055 941 3123 9.⁶
990 3061 1110 3124 Omnia
1140 3082 1189 3143 ge-

244 3151 368 3222 rantur,
393 3166 431 3208 ac
444 3146 482 3209 'ei
504 3149 653 3211 omnium
675 3148 763 3211 idem
786 3154 870 3212 esset
892 3154 1025 3212 eventus
1048 3150 1134 3215 iusto
1160 3158 1191 3215 et

244 3234 360 3316 impio,
390 3228 475 3298 bono
498 3256 536 3298 ac
558 3237 682 3300 mundo
711 3243 744 3301 et
765 3236 903 3319 polluto,
940 3238 1135 3303 sacrificanti
1159 3246 1191 3303 et

277 3463 279 3467 ’
335 3463 362 3531 1)
387 3465 462 3518 Psal.
475 3463 518 3518 25.
555 3463 584 3529 2)
607 3464 700 3519 Eccle.
720 3464 744 3517 8.
782 3464 810 3533 3)
834 3466 922 3520 Gene.
935 3464 978 3520 45.
1015 3465 1044 3533 4)
1064 3468 1135 3523 Deut

244 3532 272 3596 5)
291 3534 374 3588 Deut.
394 3534 436 3587 6.·
471 3534 499 3602 6)
519 3535 594 3589 Eocl.
614 3536 639 3588 9.

335 3744 361 3812 ⁸)
379 3746 468 3801 Deest
486 3747 518 3801 in
536 3748 598 3803 coll.
618 3748 709 3804 Vuiu.
730 3753 758 3807 et
776 3750 836 3805 Ien.
