2575 4225
202 279 265 339 446
493 274 597 355 Caput
620 271 848 336 duodecimum

184 462 233 524 ,et
248 451 448 532 obiurgando
463 450 622 514 scandalis
646 469 808 514 occurrere
823 448 952 523 debent,
976 448 1144 526 magistra·

201 550 253 605 tus
276 541 397 622 gladio,
427 545 577 620 parentes
599 546 632 602 et
653 538 898 620 patresfamilias
924 556 991 600 non
1014 542 1144 600 tantum

201 631 313 705 minis,
345 628 403 690 sed
430 629 529 691 etiam
551 627 746 690 verberibus.
793 627 906 705 ltaque
935 646 1003 689 non
1033 627 1143 687 minus

199 721 263 782 late
286 723 375 801 patet
396 717 476 779 11000
499 717 664 779 charitatis
688 736 775 799 pars,
801 735 882 795 quae
905 719 1039 778 vocatur
1062 715 1142 776 iudi·

201 809 297 884 cium,
321 825 419 885 quam
443 806 514 886 ipsa
528 805 750 868 beneficentia.
796 807 843 866 Ac
859 804 980 872 debent
1001 803 1038 866 in
1053 803 1146 865 omni

201 898 267 959 vita
299 895 427 957 misceri
460 894 673 957 beneficentia
706 900 739 957 et
772 893 944 970 iudicium,
985 893 1049 955 1100
1083 896 1144 967 001,

201 985 330 1048 afflictis
346 983 613 1060 subveniendum,
637 988 749 1045 contra
768 983 955 1044 facinorosis
979 1001 1145 1044 occurren·

202 1074 281 1135 dum
304 1078 361 1149 est,
385 1092 427 1134 ne
449 1071 622 1134 immodice
645 1070 796 1134 scandala
818 1075 1010 1150 grassentur.

295 1158 397 1242 1Lyra
425 1182 492 1224 non
522 1161 718 1239 ineleganter
746 1160 840 1236 dicit,
880 1159 953 1222 ideo
989 1158 1145 1237 coniungi

201 1253 293 1327 haec,
324 1253 402 1331 quia
423 1250 580 1312 iudicium
603 1250 672 1313 sine
700 1249 917 1311 misericordia
943 1247 986 1310 sit
1009 1247 1144 1309 crudeli·

201 1348 259 1415 tas,
284 1338 536 1401 misericordiam
559 1344 668 1400 autem
692 1336 761 1400 sine
777 1337 897 1400 iudicio
920 1356 989 1398 0000
1012 1336 1143 1416 pusilla-

202 1429 393 1490 nimitatem.
440 1428 562 1488 Verum
585 1427 672 1487 enim
696 1431 752 1502 est,
777 1426 865 1506 quod
882 1425 1018 1487 licencia
1040 1424 1142 1486 homi·

202 1536 258 1576 1100
282 1515 452 1577 deteriores
474 1514 567 1589 fiunt,
599 1521 632 1576 et
654 1516 773 1577 multos
797 1535 816 1576 a
841 1515 961 1576 iudicio
985 1513 1144 1576 absterret

201 1609 316 1679 metus,
341 1602 510 1664 nonenim
532 1603 670 1664 libenter
684 1603 778 1666 nobis
794 1603 1001 1666 conciliamus
1017 1601 1142 1677 odium,

202 1693 289 1773 quod
320 1691 476 1753 iudicium
504 1692 531 1753 si
559 1711 719 1768 exerceas,
747 1693 839 1772 sequi
865 1697 1019 1773 perpetuo
1051 1689 1142 1754 solet.

290 1782 403 1861 Itaque
427 1782 585 1862 propheta
612 1781 704 1844 addit
727 1781 858 1842 tertium
881 1780 1081 1855 membrum,
1110 1785 1145 1841 01

201 1872 292 1933 1111101
313 1891 405 1951 spem
427 1870 505 1951 poni
517 1871 562 1931 'in
584 1869 645 1931 deo
668 1875 786 1932 nostro.
833 1870 917 1943 Quia
938 1869 1027 1932 enim
1050 1889 1143 1930 mun·

202 1960 263 2022 dus
287 1981 352 2024 non
374 1960 444 2022 vult
465 1958 657 2039 reprehendi
678 1972 738 2020 1100
761 1959 921 2034 (1011111011,
949 1957 1039 2021 varia
1061 1957 1144 2038 peri-
1241 1974 1244 1981 ·

202 2050 274 2111 cula
297 2049 434 2113 subeant
456 2067 584 2111 necesse
608 2053 670 2124 001,
700 2047 757 2129 qui
784 2067 843 2129 pro
865 2047 1032 2112 vocatione
1060 2047 1145 2111 iudi·

203 2158 277 2199 cum
299 2158 444 2201 exercere
459 2139 582 2202 volunt.
629 2138 672 2199 Et
690 2143 738 2200 est
761 2137 881 2216 alioqui
896 2137 994 2200 Satan
1016 2136 1143 2199 iuratus

202 2228 331 2307 piorum
352 2226 463 2289 hostis.
509 2227 623 2305 ltaque
645 2226 708 2288 hoc
730 2225 793 2306 piis
812 2226 999 2288 faciendum
1022 2232 1081 2301 001,
1105 2230 1143 2287 111

203 2317 230 2377 01
261 2315 340 2394 quid
366 2314 490 2377 accidat
511 2315 722 2391 incommodi,
752 2315 912 2396 pacientia
941 2314 976 2376 id
998 2314 1140 2389 vincant,

203 2411 235 2467 et
257 2424 314 2485 spe
330 2409 532 2467 aeternorum
555 2403 713 2466 bonorum
737 2424 770 2466 00
786 2404 998 2479 consolentur,
1023 2404 1144 2482 quibus

202 2494 298 2555 huius
321 2493 406 2557 vitae
429 2492 595 2573 passiones
617 2494 712 2572 longe
735 2492 901 2555 inferiores
924 2497 1010 2555 sunt.

295 2576 402 2643 'Haeo
416 2582 515 2661 igitur
537 2600 656 2644 corona
670 2586 727 2659 est,
747 2601 813 2661 qua
827 2587 939 2643 ornata
962 2586 1011 2644 est
1030 2585 1143 2643 saneta

202 2670 342 2731 00010010.
388 2670 462 2731 Non
491 2670 587 2732 vertit
617 2669 679 2731 deo
705 2669 852 2750 loquenti
881 2674 1022 2749 tergum,
1059 2669 1145 2731 010111

201 2757 305 2819 0010111
330 2756 552 2818 inobedientes
574 2756 668 2817 liberi
690 2758 886 2839 parentibus.
933 2757 996 2821 Sed
1019 2758 1142 2820 auscul-

200 2852 248 2908 tat
269 2844 448 2921 humiliter,
480 2850 513 2907 et
533 2844 679 2925 sequitur
708 2867 818 2910 vocem
842 2846 903 2909 dei.
949 2845 1076 2908 Deinde
1106 2847 1142 2909 in

199 2935 401 2998 calamitosos
424 2940 473 2997 est
495 2933 655 3010 benefica,
687 2937 791 2999 malos
815 2942 940 3011 autem,
970 2955 1029 3016 pro
1051 2956 1142 2999 voca-

198 3025 285 3087 tione
309 3044 383 3101 aua,
415 3024 571 3106 reprimit.
617 3024 665 3085 Ac
689 3024 716 3085 si
740 3024 819 3104 quid
841 3023 972 3100 accidit,
997 3023 1071 3085 ideo
1094 3024 1142 3085 in·

197 3112 360 3175 commodi
388 3114 440 3176 vel
461 3134 481 3175 a
504 3112 637 3188 Satana,
662 3112 713 3175 vel
734 3112 873 3188 mundo,
902 3132 1005 3191 aequo
1028 3113 1142 3175 animo

198 3201 233 3263 id
256 3201 332 3277 fert,
357 3207 389 3264 et
410 3202 510 3264 tradit
530 3201 706 3264 vindictam
729 3200 887 3263 iudicanti
908 3202 1001 3277 iuste,
1030 3220 1142 3263 conso

197 3291 282 3353 latur
312 3296 422 3352 tamen
457 3290 588 3352 interim
618 3308 653 3351 se
686 3308 742 3370 spe
772 3289 901 3352 futurae
931 3295 964 3351 et
991 3294 1139 3352 aeternae

197 3378 404 3455 liberationis,
429 3395 512 3459 quae
534 3398 592 3460 per
613 3378 776 3456 Angelum
798 3378 1043 3441 benedicentem
1067 3398 1139 3440 con·

199 3468 302 3547 tingit.
349 3468 421 3530 Hoc
443 3467 636 3530 curriculum
656 3471 713 3541 est,
736 3466 773 3529 in
796 3486 860 3546 quo
883 3466 931 3547 pii
953 3466 1139 3529 decurrunt.

68 3525 87 3646 ‘is
197 3556 298 3632 Nam,
326 3562 364 3619 ut
386 3556 471 3632 dixi,
503 3556 662 3637 propheta
692 3559 793 3617 totam
821 3555 922 3619 vitam
949 3554 1078 3636 piorum
1102 3572 1142 3619 00

287 3746 315 3813 1)
334 3748 416 3814 Lyra.
452 3745 480 3812 2)
497 3746 567 3799 Veri
586 3746 681 3799 cultus
698 3745 730 3799 in
748 3746 876 3801 ecclesia.
