2575 4225
318 285 327 294 '
419 282 545 346 Hoseae
567 281 752 364 prophetae.
994 281 1056 346 157

119 465 193 522 runt
216 457 286 522 dies
309 458 520 536 visitationis,
551 465 709 524 venerunt
731 459 799 522 dies
828 459 1056 523 retributionis,

118 547 216 612 lsrael
238 547 365 611 sentiet.

210 629 390 717 ¹Propheta
412 636 529 700 stultus
552 642 610 713 est,
634 637 692 718 qui
707 634 916 718 gloriatur'de
931 638 1057 720 spiritu,

118 723 203 788 furit.
250 725 385 807 Propter
406 726 544 790 multam
566 731 658 790 tuam
681 726 895 808 iniquitatem,
920 732 952 790 et
967 727 1058 792 vehe-

12 800 13 855 ἶ
118 833 209 876 mens
233 813 358 879 odium.
395 813 581 898 speculator
595 816 753 898 Ephraim
769 816 847 879 olim
866 815 1060 896 sequebatur

42 909 43 912 ’
120 903 217 966 deum
239 922 368 980 mcum,
392 910 426 966 at
448 924 535 968 nunc
557 905 716 987 propheta
738 911 788 968 est
808 904 944 985 laqueus
967 925 1059 968 vena·

118 991 194 1055 toris
218 992 255 1054 in
278 993 429 1055 omnibus
459 993 520 1058 viis
548 993 623 1057 suis.
671 993 790 1056 Odium
817 993 854 1056 in
881 992 978 1056 domo
1007 992 1060 1058 dei

12 1160 13 1163 Ἴ
118 1081 176 1144 sui.
225 1080 465 1158 Occalluernnt,
497 1083 647 1145 scelerate
671 1087 773 1162 agunt
803 1082 887 1146 siout
915 1087 1060 1164 tempore

12 1174 14 1247 l
119 1169 219 1246 Gilea,
255 1170 354 1250 igitur
387 1171 606 1234 recordabitur
643 1169 825 1252 iniquitatis
864 1189 988 1247 eorum,
1029 1175 1061 1233 et

118 1258 265 1322 visitabit
286 1264 418 1340 peccate
440 1280 561 1322 eorum.

206 1347 297 1409 Sicut
319 1368 397 1411 uvas
421 1349 457 1410 in
487 1349 613 1412 deserto
641 1347 752 1412 inveni
774 1348 935 1411 lsraelem.
982 1347 1061 1412 Vidi

12 1423 14 1480 ἶ
116 1442 224 1517 patres
254 1441 376 1500 vestros
405 1438 441 1501 in
470 1437 576 1514 initio,
609 1438 704 1518 quasi
733 1437 893 1519 primitias
922 1437 958 1500 in
986 1437 1059 1500 ficu.

12 1576 13 1596 q
120 1523 183 1587 Sed
206 1524 364 1589 abierunt.
378 1527 443 1607 ipsi
466 1526 507 1589 ad
521 1527 600 1588 Baal
614 1527 703 1603 Peor‚
729 1532 761 1589 et
783 1527 1063 1590 sanctificaverunt

12 1649 13 1690 t
116 1633 150 1676 se
179 1613 269 1696 turpi
296 1614 396 1691 idolo,
432 1614 575 1696 factique
605 1620 682 1678 sunt
711 1603 943 1678 abominabiles
978 1616 1062 1679 sicut

12 1692 16 1773 ἶ
117 1722 230 1766 eorum
253 1710 411 1767 amatores
434 1698 554 1766 erant²
597 1704 706 1766 Gloria
720 1703 819 1766 Israel
842 1705 947 1768 avolat
969 1705 1062 1784 quasi

12 1789 14 1837 5
117 1792 196 1868 avis,
221 1796 289 1854 nc'n
311 1793 422 1874 pariet,
447 1813 514 1856 non
537 1798 625 1874 geret
646 1793 682 1854 in
696 1798 796 1868 utem,
821 1813 887 1855 non
904 1793 1063 1874 concipiet

12 1891 13 1963 ᾗ
117 1879 269 1962 amplius.
317 1881 453 1944 Etiamsi
483 1882 689 1945 educaverint
721 1881 803 1944 filios
832 1900 920 1957 suos,
951 1887 1063 1943 tamen

12 2004 15 2055 i
116 1989 172 2032 eos
195 1969 291 2034 orbos
312 1970 440 2048 faciam,
464 1978 506 2034 ne
522 1971 589 2034 sint
603 1971 694 2033 inter
706 1970 865 2046 homines,
890 1969 988 2033 etiam
1003 1987 1061 2034 vae

12 2143 14 2147 μ
116 2057 164 2122 eis
188 2078 264 2122 cum
286 2079 443 2125 recessero
466 2061 508 2123 ab
531 2060 587 2124 eis.

207 2147 380 2229 Ephraim,
414 2148 499 2213 sicut
521 2149 631 2225 video,
661 2149 794 2230 pulchre
822 2148 986 2230 plantatus
1014 2154 1063 2212 est

12 2248 14 2313 ᾖ
115 2241 156 2299 ut
178 2235 298 2317 ipius,
329 2244 362 2301 at
388 2238 503 2302 educet
532 2238 689 2320 Ephraim
717 2257 845 2319 quoque
876 2237 958 2301 filios
989 2257 1062 2301 suos

12 2337 15 2426 ᾗ
116 2326 310 2407 percussori.
360 2320 429 2389 “Da
462 2328 509 2390 eis
539 2327 680 2391 dominc.
733 2326 820 2401 Quid
850 2326 969 2390 dabis?
1014 2327 1064 2390 Da

12 2431 18 2508 [
118 2414 167 2478 eis
191 2415 333 2478 sterilem
355 2422 494 2493 uterum,
518 2423 551 2480 et
574 2416 664 2479 arida
686 2416 795 2479 ubera.

208 2503 313 2567 Omne
334 2506 459 2567 malum
487 2525 598 2580 ¹eorum
628 2510 678 2567 est
705 2505 741 2567 in
764 2503 884 2583 sugat,
915 2502 987 2565 ideo
1016 2500 1064 2563 ibi

13 2586 19 2597 ’
115 2592 176 2657 odi
211 2612 276 2656 eos.
303 2593 455 2675 Propter
483 2596 570 2657 mala
599 2593 708 2657 studia
741 2594 887 2674 ipsorum
921 2610 939 2653 e
966 2590 1063 2653 domo

12 2718 20 2772 ς
115 2701 194 2745 mea
208 2701 263 2745 eos
278 2682 416 2745 eiiciam.
457 2684 542 2746 Nam
557 2683 697 2764 amplius
712 2682 846 2763 diligam
862 2700 926 2757 eos,
950 2698 1063 2743 ornnes

114 2771 209 2833 enim
231 2769 395 2853 principes
417 2792 528 2835 eorum
551 2792 571 2833 a
592 2792 645 2834 me
668 2771 863 2835 defecerunt.

12 2961 20 3068 'r

12 3074 19 3114 μ
117 3037 234 3113 rerint,
282 3057 341 3117 ego
379 3037 572 3102 interficiam
608 3036 740 3119 delicias
777 3036 898 3101 ventris
941 3054 1062 3097 eorum.

12 3117 19 3206 3'
120 3118 285 3189 4Abiioiet
308 3145 362 3189 eos
384 3126 464 3190 deus
478 3147 581 3204 meus,
605 3126 693 3208 quod
708 3146 776 3194 uon
791 3124 963 3189 audieruut
977 3144 1062 3200 eum,

12 3221 13 3230 ’
117 3219 155 3277 et
177 3220 274 3278 erunt
295 3215 370 3295 vagi
391 3216 477 3279 inter
498 3222 618 3297 gentes.

11 3586 24 3680 i

208 2860 383 2923 Percussus
406 2868 455 2924 est
477 2860 648 2945 Ephraim,
677 2861 803 2923 exaurit
824 2859 919 2921 radix
941 2878 1061 2934 eorum¹

118 2950 231 3029 itaque
255 2950 399 3012 fructum
421 2950 548 3012 nullum
571 2948 691 3025 ferent,
724 2953 756 3012 et
778 2955 889 3011 tamen
912 2946 939 3010 si
969 2966 1062 3028 pepe-

212 3440 241 3545 ί)
254 3478 376 3532 Peccata
397 3479 496 3547 populi
522 3478 607 3547 punit
629 3478 701 3533 deus
725 3494 777 3546 per
802 3476 907 3543 impios
925 3476 1064 3529 doctores.

171 3548 300 3603 =lbservs
311 3548 464 3604 horribiles
475 3550 663 3604 idolatranrm
675 3564 791 3618 poenas.
819 3547 962 3615 Exempla
979 3546 1066 3600 hodic

167 3624 193 3673 rt
210 3620 243 3673 in
261 3620 362 3674 lincis
379 3624 410 3674 et
426 3620 550 3675 Indaeis.
586 3619 615 3687 3)
633 3621 766 3687 Regnum
790 3634 867 3673 nunc
891 3618 988 3687 floret,
1015 3618 1066 3672 sed

167 3690 207 3746 rvi
231 3690 401 3746 vastabitur.
435 3690 465 3760 4)
488 3691 564 3746 Vide
587 3707 747 3759 poenamm
770 3694 917 3744 tantarum
941 3702 1065 3757 causam,

167 3762 203 3816 od
233 3778 295 3815 non
325 3762 490 3832 audierunt,
528 3762 599 3830 quid
626 3763 663 3818 de
690 3761 974 3830 Papistis,iuturum
1004 3760 1065 3813 erit.
