2575 4225
225 250 290 312 442
513 249 618 329 Caput
640 248 868 311 duodecimum

313 426 377 489 Hie
399 426 543 507 primum
572 427 705 489 Observa
726 425 862 490 Iudaeos
891 424 1016 489 fortiter
1045 427 1169 489 hocin
1206 466 1211 472 -

223 517 294 578 loco
317 515 464 577 convinci
490 516 532 576 ab
562 516 634 595 ipso
657 515 829 596 propheta,
861 514 949 594 quod
972 514 1055 578 falso
1078 536 1168 579 voca·

224 604 338 666 bulum
362 604 510 679 ,Elohim‘
544 623 643 684 supra
672 605 816 685 positum
845 609 1014 686 exponunt
1043 604 1085 666 de
1114 625 1168 667 an·

225 693 317 772 gelis,
352 712 430 753 nam
460 692 515 754 hic
544 691 632 755 idem
661 712 781 755 nomen
814 692 982 773 repetitur,
1015 700 1049 755 et
1077 694 1170 757 iubet

224 781 396 863 propheta,
424 786 463 843 ut
484 781 647 843 Israelitao
670 800 704 844 se
733 785 920 845 convertant
942 780 984 843 ad
1014 802 1090 843 eum
1113 802 1168 845 an-

224 870 342 949 gelum,
366 874 400 931 et
421 874 459 933 ut
481 889 608 951 semper
629 870 665 932 in
687 869 878 949 hocangelo
902 890 994 951 spem
1013 871 1167 934 habeant.

224 958 469 1038 Ergo'angelus
496 959 564 1035 hio,
595 959 638 1021 ad
667 978 765 1039 quem
792 959 951 1041 propheta
977 959 1069 1023 iubet
1095 980 1168 1023 con·

224 1048 305 1111 verti
327 1048 485 1130 populum
508 1064 620 1124 suum,
651 1054 684 1109 et
711 1068 837 1128 sperare
850 1047 895 1109 in
919 1067 972 1124 eo,
1003 1068 1079 1110 oum
1101 1068 1169 1129 quo

223 1137 319 1199 Iacob
349 1138 489 1200 luctatus
515 1142 577 1213 est,
607 1157 674 1199 non
697 1142 746 1199 est
768 1137 899 1216 angelus
926 1142 1085 1214 creatura,
1110 1137 1170 1200 sed

224 1231 372 1288 aeternus
395 1226 481 1288 filius
502 1226 624 1289 aeterni
647 1225 761 1306 patris,
793 1224 944 1287 dominus
967 1231 1077 1289 noster
1097 1226 1169 1289 lhe-

224 1334 279 1377 sus
317 1314 472 1377 Christus.
518 1316 615 1376 Hunc
652 1314 744 1377 iubet
779 1314 938 1395 propheta
971 1315 1103 1393 agnosci
1137 1320 1171 1378 et

224 1402 337 1482 accipi.
399 1402 488 1465 Siout
515 1410 606 1484 pater
636 1422 764 1482 quoque
799 1422 857 1465 sua
894 1421 972 1466 voce
1004 1403 1044 1466 de
1079 1405 1170 1467 coelo

225 1486 354 1553 sonat:¹
388 1491 452 1551 Hic
487 1496 537 1554 est
567 1490 655 1552 filius
685 1511 777 1554 meus
807 1492 958 1567 dilectus,
996 1492 1085 1555 huno
1115 1512 1169 1555 au·

223 1578 300 1640 dite.
347 1579 390 1641 Et
419 1578 578 1641 secundus
605 1578 752 1643 Psalmus
779 1579 927 1643 mandat:
967 1580 1170 1645 osculamini

224 1666 339 1730 filium.

313 1756 377 1819 Hic
410 1757 509 1837 igitur
547 1756 639 1834 vide,
687 1762 809 1837 quanta
842 1758 1074 1822 dissimilitudo
1115 1759 1168 1823 sit.

223 1846 319 1909 Iacob
349 1846 447 1909 etiam
474 1848 510 1908 in
539 1853 630 1909 utero
665 1865 740 1908 cum
769 1847 865 1909 fratre
893 1848 1093 1929 depugnavit
1128 1847 1170 1910 de

224 1935 451 2015 consequenda
479 1936 541 1998 hac
563 1934 789 2017 promissione,
824 1942 856 1999 et
883 1937 918 1998 in
947 1938 1034 2001 lucta
1058 1942 1171 2000 contra

225 2026 377 2103 angelum
398 2025 460 2086 hac
481 2024 554 2106 ipsa
575 2024 787 2105 promissione
807 2023 893 2087 vicit.
940 2025 1003 2088 Sed
1026 2028 1170 2108 populus

223 2114 323 2174 Israel
352 2134 482 2195 prorsus
518 2116 642 2176 nullam
669 2113 767 2176 huius
799 2115 1021 2195 promissionis
1057 2135 1170 2178 curam

224 2201 332 2263 habet.
386 2202 515 2265 Retinet
539 2203 722 2265 idolatricos
753 2204 873 2288 cultus,
904 2204 974 2266 sine
1003 2203 1058 2266 dei
1080 2225 1169 2268 man·

226 2289 302 2352 dato
329 2289 504 2354 institutos.
550 2292 613 2354 His
636 2296 743 2372 sperat
772 2311 805 2354 se
828 2292 944 2354 mereri
972 2292 1112 2372 gratiam
1138 2299 1171 2356 et

225 2380 449 2443 remissionem
478 2387 691 2463 peccatorum.
742 2379 829 2453 Quid
857 2379 960 2461 magis
990 2383 1170 2444 absurdum

225 2469 305 2548 fingi
327 2472 454 2550 potest?
499 2469 657 2550 Quodque
679 2469 788 2532 minus
812 2469 981 2533 conveniat
1003 2470 1046 2533 ad
1071 2471 1168 2534 Iacob

225 2560 434 2639 exemplum?
485 2561 639 2621 Luctatus
668 2565 717 2621 est
742 2557 838 2620 Iacob
869 2577 945 2620 cum
974 2560 1102 2640 angelo,
1137 2567 1170 2623 et

226 2645 415 2724 deprecatus
438 2652 487 2708 est
509 2648 690 2723 eumdem,
715 2653 752 2709 ut
774 2647 984 2711 benediceret.
1031 2650 1084 2711 Ab
1107 2647 1169 2712 hoo

226 2732 339 2810 angelo
363 2734 477 2795 avertit
499 2753 533 2795 se
555 2735 667 2811 Israel,
697 2755 734 2796 ac
756 2736 1030 2814 benedictionem,
1067 2759 1168 2818 quam

225 2820 310 2883 ultro
333 2822 465 2902 angelus
486 2823 541 2883 hio
563 2824 778 2903 perverbum
800 2829 896 2886 suum'
918 2826 1020 2902 offert,
1046 2827 1166 2904 abiicit,

226 2931 265 2972 ac
287 2917 394 2992 sperat
416 2909 453 2974 in
468 2911 650 2974 idolatriam
673 2932 774 2974 suam.
821 2913 917 2975 Reate
940 2914 1040 2992 igitur
1064 2916 1166 2978 obiur-

317 3491 806 3563 nmmmmm‹

317 3724 342 3790 ⁶)
361 3725 449 3778 Deest
466 3726 499 3778 in
517 3725 579 3778 coll,
598 3725 659 3778 Ien.

1266 1780 1271 1949 1

225 3005 282 3078 gat
314 3001 484 3082 propheta,
524 3007 557 3065 et
584 3001 731 3064 hortatur
758 3001 899 3082 impium
939 3003 1100 3083 populum
1130 3025 1167 3067 ac
1269 3029 1271 3062 r

225 3089 320 3150 dicit:
346 3089 534 3153 Convertere
549 3095 586 3153 tu
608 3109 737 3169 quoque
759 3089 800 3150 ad
823 3089 921 3152 deum
937 3095 1041 3154 tuum.
1089 3093 1166 3172 (Hic

104 3279 107 3283 ἵ
226 3177 393 3329 {5111}AE
406 3179 610 3344 >vocabum
640 3177 790 3255 ‚Elohim‘
824 3199 900 3241 cum
933 3199 997 3260 quo
1026 3181 1167 3245 luctatus
1269 3195 1271 3276 J
