2575 4225
490 289 590 351 anae
612 289 799 370 prophetae.
1073 290 1114 355 29

174 485 313 547 sponsae
336 471 458 529 vestrae
481 484 582 529 nurus
604 472 663 528 est.
709 466 816 528 Poena
829 467 910 529 haee
925 472 982 529 eet.
1027 466 1117 530 Inter

174 553 422 617 fomioationem
450 574 525 617 oum
555 553 650 617 idolis
680 554 857 619 servierunt
884 555 997 631 ventri,
1028 555 1116 619 unde

173 643 278 706 libido
301 649 334 707 ot
356 642 524 706 fornicatio
547 642 683 706 earnalia
705 644 852 723 sequitur
874 649 933 721 ete,
963 650 1001 707 ut
1029 664 1116 709 nuno

173 732 210 795 in
233 733 317 795 clero
340 731 476 796 videtur.

412 873 490 938 Ideo
513 866 767 959 fedamiam]
792 869 870 938 ete¹

266 979 345 1060 quia
367 1000 425 1061 ege
448 980 613 1044 dimittam
635 985 696 1043 ete.

488 1121 561 1184 Non
583 1105 721 1185 visitabo
745 1128 804 1185 etc.

267 1226 386 1291 faciam
419 1234 457 1292 ut
490 1228 623 1309 impune
657 1227 720 1292 ieta
754 1228 864 1291 omnia
897 1229 991 1306 fiant,
1035 1228 1119 1293 sieut

174 1336 265 1380 nuno
288 1316 335 1393 fit,
358 1335 440 1398 quae
464 1324 513 1381 est
535 1336 640 1393 eausa,
665 1318 761 1398 plaga
782 1316 836 1379 dei
858 1324 908 1381 eet
929 1324 988 1381 ete.
1034 1318 1119 1381 Nam

175 1427 244 1469 non
266 1405 425 1469 habemus
446 1404 592 1468 cordatos
615 1406 777 1488 principes
800 1411 859 1470 ate.

504 1546 790 1624 eonversabantur,

176 1655 294 1719 melius
307 1654 582 1736 dispergebantur,
598 1653 826 1717 dividebantur
838 1653 873 1715 in
885 1654 988 1717 variae
999 1659 1117 1736 partes,

175 1743 221 1827 bie
243 1742 289 1811 ein
311 1740 473 1827 hutenmiri,
496 1742 560 1808 bort
582 1739 627 1807 ein
649 1740 812 1823 immiti.
857 1742 936 1823 quia
962 1762 1019 1807 voe
1041 1742 1118 1805 estis

177 1834 317 1917 dispersi
339 1834 375 1895 in
396 1831 515 1895 multae
538 1832 720 1894 meretrices
743 1837 802 1895 ete.

476 1973 558 2037 Cum
581 1973 818 2037 scortatrioibua

177 2082 230 2145 vei
252 2080 374 2159 scortis,
397 2079 513 2144 melius
535 2096 635 2161 quam
662 2098 738 2143 eum
760 2078 963 2144 effeminatis.
1009 2078 1119 2144 Hiero

177 2190 299 2252 nymua
323 2170 487 2235 eunuchos
503 2170 654 2250 inteiligit
669 2177 728 2233 eto.
746 2168 803 2232 aed
819 2190 885 2233 non
900 2168 994 2232 oredo
1008 2169 1119 2232 Hiero-

177 2280 281 2342 nymo
310 2259 373 2322 hic.
409 2279 440 2341 q.
465 2258 497 2322 d.
527 2259 611 2323 siout
631 2279 690 2324 vos
713 2277 788 2322 eum
811 2257 1048 2322 seortatrieibue
1070 2258 1121 2323 vei

178 2348 293 2413 scortis
315 2348 509 2424 eeortamini,
545 2347 592 2411 ita
621 2354 655 2411 et
675 2353 799 2411 vestrae
825 2346 911 2410 filiae
937 2347 1120 2411 aeortabun·

177 2445 235 2502 tur
257 2443 316 2500 ete.

503 2578 546 2642 Et
567 2578 707 2659 populun
731 2582 790 2640 eto.

271 2686 350 2748 haeo
372 2685 468 2766 plaga
490 2684 559 2760 erit,
584 2683 762 2764 percutiam
778 2682 935 2765 populum
958 2681 1121 2747 caeointe.

522 2842 556 2906 Si
579 2836 776 2906 fornicaris.²

272 2951 380 3014 Vertit
401 2970 584 3014 sermonem
605 2949 648 3012 ad
663 2949 786 3016 tribum
800 2948 898 3013 Iuda:
923 2982 966 2994 -—
981 2953 1019 3011 tu
1040 2966 1125 3027 quae

180 3059 297 3104 verum
319 3057 455 3120 regnum
478 3046 511 3103 et
532 3038 747 3103 sacerdotium
769 3057 881 3103 verum
911 3042 944 3100 et
965 3038 1126 3118 templum

181 3129 430 3204 verumhabes,
454 3125 592 3192 uidene
615 3127 792 3190 fornieeria.
838 3131 872 3190 et
897 3125 960 3190 hoe
993 3125 1062 3202 fiet,
1097 3125 1127 3188 si

183 3216 309 3293 feeeria,
333 3236 416 3298 quae
439 3221 627 3297 sequuntur.
673 3236 705 3297 q.
729 3215 761 3279 d.
788 3220 917 3279 manete
944 3214 980 3278 in
1003 3214 1126 3295 templo

182 3311 301 3370 vestro.
362 3305 422 3374 Pro
462 3305 627 3368 Bethaven
664 3305 885 3386 Hieronymus
928 3303 1011 3367 bene
1047 3302 1127 3382 legit

183 3393 309 3470 Bethel,
327 3411 402 3456 eum
417 3392 499 3456 nihii
513 3393 638 3474 legatur
653 3394 758 3458 cultus
773 3400 915 3457 erectum
926 3393 963 3455 in
973 3392 1124 3455 Betaven.

191 3481 350 3546 Ordinarii
373 3482 478 3546 cuitus
501 3487 593 3544 erant
606 3481 642 3543 in
655 3482 728 3548 istie
743 3481 821 3546 ioeia
835 3482 893 3546 ubi
908 3481 989 3545 deus
1003 3478 1131 3561 aliquid.

191 3571 315 3652 insigne
339 3570 415 3634 feeit
438 3590 512 3634 oum
534 3569 681 3652 patribus
702 3577 762 3635 eto.

279 3763 306 3832 1)
324 3781 351 3820 v.
371 3761 414 3816 14.
451 3761 479 3830 2)
498 3779 524 3818 v.
544 3761 587 3817 lt.
