2575 4225
112 244 116 249 “
190 234 254 297 184
525 232 630 314 Caput
652 230 795 313 primum

187 412 266 474 111111
252 415 365 475 tuntur
387 415 420 473 11
440 410 537 473 rebus
559 415 592 474 et
614 408 786 472 animabus
807 408 934 485 nostris,
958 409 1013 473 hio
1040 410 1131 473 enim

188 520 255 564 non
277 504 406 563 tantum
428 498 576 581 perfidia,
609 498 721 561 sedt
689 498 788 561 etiam
817 518 858 560 ex
858 503 961 561 trema
987 500 1132 563 amentia

187 588 393 669 conspicitur

282 672 463 740 lPostremo
499 676 579 739 haec
614 630 794 739 similitudo
824 676 866 739 ob
895 676 1005 739 oculos
1034 676 1133 757 ponit

187 765 310 828 iustum
325 766 429 827 zelum
443 765 505 842 dei,
523 765 580 845 qui
595 785 662 827 non
677 770 783 845 potest
769 765 886 827 thuuc
904 771 1131 845 contemptum

188 854 279 931 ferre,
304 855 387 917 sicut
409 815 608 935 impohsibile
631 859 695 930 111,
719 858 757 917 ut
778 854 923 930 maritus,
948 854 1131 919 honestatis

189 962 311 1019 amans,
335 944 437 1024 possit
459 962 562 1023 aequo
584 944 693 1005 animo
709 941 798 1004 ferre·
806 944 914 1005 uxoris
937 944 1130 1005 1110111111-

187 1032 348 1100 honestos.
384 1032 484 1095 ⁴Siout
506 1032 649 1113 profecto
673 1030 819 1093 Ezechiel
841 1032 929 1095 hune
952 1032 1061 1111 ipsum
1083 1032 1130 1095 11-

188 1119 268 1183 111111
285 1120 409 1201 egregie
432 1126 556 1183 tractat.
594 1121 685 1183 Haec
707 1120 804 1181 huius
820 1120 1042 1184 similitudinis
1058 1142 1131 1201 pro·

188 1210 259 1289 pria
281 1215 370 1285 sunt,
402 1214 435 1271 et
456 1210 599 1291 profecto
628 1208 798 1287 diligenter
828 1208 1047 1271 consideratae
1071 1211 1131 1272 cir-

188 1298 400 1361 cumstantiae
434 1318 546 1361 omnes
580 1297 767 1361 foeditatem
801 1296 968 1365 idolatriae
1003 1300 1132 1378 egregie

188 1386 229 1449 ob
253 1388 361 1449 oculos
384 1393 520 1467 ponunt.

281 1469 361 1536 'Sed
383 1482 509 1556 praeter
529 1476 610 1537 haec
625 1474 876 1537 similitudot
833 1480 897 1537 1111
919 1440 1017 1538 etiam
1044 1475 1131 1539 furo

187 1584 256 1625 rem
278 1564 393 1644 pingit,
418 1584 482 1644 quo
501 1564 654 1627 idolatrae
670 1564 895 1644 corripiuntur
935 1563 1025 1627 Sicut
1040 1566 1132 1627 enim

187 1652 353 1734 impudica
375 1653 491 1715 mulier
512 1653 596 1715 nihil
618 1652 707 1715 aliud
736 1651 891 1729 somniat,
922 1652 1021 1715 etiam
1050 1654 1131 1733 vigi-

185 1729 266 1817 lans,
291 1760 390 1821 quam
413 1761 536 1805 amores
559 1740 705 1817 adulteri,
733 1747 766 1804 11
787 1741 992 1822 paratissima
1015 1747 1064 1805 est
1087 1742 1132 1804 ad

187 1849 283 1893 omne
306 1850 407 1909 genus
430 1830 699 1894 veneficiorume
700 1830 887 1906 tcacdium,
911 1830 958 1892 ita
972 1830 1131 1893 idolatrae

187 1919 299 1997 ingent
299 1939 311 1979 1
285 1918 400 1981 todic
415 1939 507 1983 verae
520 1904 708 1998 religionis’
699 1919 823 1981 moensi
838 1924 924 1995 sunt,
949 1924 982 1981 11
998 1938 1132 1983 summo

188 2007 295 2070 studio
316 2013 434 2087 urgent
455 2014 488 2071 et
509 2013 640 2071 tuentur
663 2007 854 2071 idolatriam.
900 2008 974 2071 Non
990 2014 1133 2089 parcunt

187 2096 344 2158 ministris
372 2096 439 2173 dei,
475 2117 542 2160 non
571 2096 776 2178 parentibus,
812 2117 879 2160 non
912 2097 1131 2176 magistratui,

188 2204 254 2246 non
276 2184 394 2246 liberis.
441 2185 603 2265 Quisquis
617 2205 652 2248 se
675 2186 720 2248 eis
744 2185 938 2267 opposuerit,
962 2187 1052 2250 huno
1071 2187 1132 2248 im·

189 2273 279 2334 mani
302 2272 376 2335 odio
399 2279 645 2353 prosequuntur,
670 2293 729 2336 nec
751 2276 923 2354 quiescunt
936 2275 1132 2356 priusquam

188 2361 377 2424 sustinerint
410 2382 428 2423 e
461 2361 579 2438 medio,
619 2356 723 2425 ³sicut
759 2363 978 2444 pharisaicum
1016 2363 1132 2426 odium

188 2456 299 2514 contra
332 2449 496 2514 Christum
529 2457 562 2515 11
594 2453 770 2533 apostolos,
808 2453 889 2514 item
914 2445 1132 2533 ,papistarum

188 2539 301 2602 odium
324 2545 434 2602 contra
455 2546 581 2603 nostras
604 2541 753 2604 ecclesias
775 2541 926 2604 ostendit.
967 2540 1131 2603 8111111111-

188 2647 262 2689 rum
284 2633 317 2689 et
339 2629 485 2706 gentium
507 2629 668 2706 historiae,
693 2635 725 2692 et
747 2634 915 2710 poetarum
938 2649 1068 2709 quoque
1085 2631 1131 2692 fa—

188 2715 283 2778 bulae
305 2716 508 2778 horribilium
530 2718 774 2820 parricidiorum
797 2723 829 2780 11
856 2718 1132 2781 atrocissimarum

189 2803 337 2866 caedium
359 2805 584 2882 meminerunt,
607 2807 675 2870 ut'
666 2806 789 2868 insanis
811 2807 975 2870 amoribus
991 2807 1133 2870 adulteri

187 2898 320 2974 possent
340 2893 415 2956 frui
761 2947 762 2951 ,

277 2983 362 3063 Ergo
384 2990 441 3064 apt
441 2983 552 3046 issima
573 2956 654 3046 haec
676 2984 779 3062 figura
802 2989 866 3060 est,
892 3004 957 3063 qua
979 2942 1132 3048 idolatria
1200 2997 1203 3001 “

188 3078 392 3151 comparatur
414 3072 626 3134 fornicationi
673 3072 717 3134 111
739 3071 816 3151 quia
837 3033 991 3136 manifest
978 3077 1046 3136 tam
1065 3079 1131 3135 tur—

188 3159 371 3240 pitudinem
393 3179 443 3222 res
465 3161 563 3224 habet
549 3167 579 3237 t,
603 3159 701 3222 etiam
724 3179 761 3222 eo
785 3160 980 3241 pertinet,u
957 3167 995 3224 ut
1018 3181 1038 3222 a
1060 3167 1131 3224 tam

188 3248 277 3328 gravi
315 3254 445 3329 peccato
483 3248 686 3312 abducantur
716 3249 874 3312 homines.
924 3243 1027 3311 4Nam
1062 3271 1130 3312 mo·

187 3338 310 3400 naohus
334 3337 363 3398 si
385 3337 584 3415 intelligeret,
608 3356 684 3399 oum
700 3337 870 3400 Francisco
886 3344 942 3401 aut
957 3339 1123 3402 Dominio(

187 3445 307 3489 nomen
330 3425 401 3501 dat,
431 3431 465 3488 et
485 3425 639 3488 inusitato
662 3424 746 3489 vitae
770 3446 885 3506 genere
908 3446 945 3489 ac
976 3423 1114 3508 operibu

277 3633 304 3701 1)
323 3634 408 3688 Zelus
426 3634 480 3688 dei.
512 3632 540 3699 2)
553 3634 644 3687 Furor
659 3633 854 3688 idolatriarum.
884 3633 913 3702 3)
926 3633 1115 3690 Pharisaioun

187 3702 287 3758 odium
305 3708 404 3757 eontra
422 3703 579 3758 Christum.
614 3703 644 3773 4)
664 3703 800 3759 Monachi
818 3705 949 3760 adulteri.
