2575 4225
446 272 573 337 Hoseae
595 274 780 356 prophetae.
1014 276 1081 343 431

12 487 14 492 -
139 448 227 511 inter
248 453 428 529 postremas
449 450 596 515 habitam
619 471 705 529 esse,
735 452 796 517 sub
819 451 973 515 Mechiae
1004 460 1084 518 tem-

13 589 15 592 .
140 556 213 618 pus,
239 537 296 618 qui
319 539 485 603 ecclesiam
508 560 549 602 ex
571 541 685 603 Esaiae
708 547 741 603 et
761 541 899 605 aliorum
914 543 1084 625 propheta-

13 705 14 708 *
141 645 215 689 rum
238 627 400 691 sententia
421 629 546 709 egregie
567 630 766 695 restauravit.

12 682 28 764 d
218 715 280 778 'Ac
302 734 399 797 supra
421 736 516 799 saepe
539 717 683 782 diximus
705 719 790 782 banc
805 717 971 783 idolatriae
987 720 1085 784 toties

137 803 312 885 repetitam
334 806 629 888 reprehensionem,
659 806 732 871 ideo
755 808 876 871 utiliter
901 808 998 871 hodie
1028 829 1083 873 no·
1204 812 1207 825 '
1244 802 1278 881 aa

141 894 218 956 stris
241 894 382 957 ecclesiis
404 896 557 976 proponi,
581 901 620 959 ut
637 901 732 965 *tanto
756 896 857 960 simus
881 897 1085 962 excitatiores
1254 912 1271 943 ³·

141 982 185 1043 ad
208 982 350 1062 agendas
373 982 433 1047 deo
455 1004 514 1067 pro
535 985 697 1047 immensa
719 1003 779 1047 sua
800 985 1018 1049 misericordia
1044 1008 1084 1050 ac

140 1070 287 1143 bonitate
309 1072 445 1151 gratias,
469 1073 557 1153 qnod
579 1093 638 1154 per
660 1073 779 1136 claram
801 1074 890 1138 verbi
912 1074 1017 1140 lucem
1040 1096 1082 1138 ex

141 1160 284 1223 tenebris
306 1161 408 1243 erepti
430 1180 518 1224 nunc
547 1162 751 1242 agnoscimus
779 1161 892 1238 deum,
925 1182 962 1225 ac
991 1184 1085 1228 veros

13 1285 15 1292 ,
142 1249 249 1311 cultus
271 1250 362 1313 omni
384 1248 532 1313 idolatria
553 1251 680 1313 abiecta
702 1257 734 1314 et
749 1250 881 1332 explosa
895 1252 1083 1315 retinemus.

13 1383 14 1386 ,
140 1338 206 1399 Hic
229 1338 318 1401 enim
340 1340 414 1402 fons
436 1345 485 1402 111
507 1340 614 1402 omnis
636 1340 729 1417 boni,
759 1340 844 1404 sicut
865 1345 995 1403 econtra
1024 1342 1083 1404 ubi

143 1444 224 1489 sana
246 1426 394 1491 doctrina
420 1434 453 1492 et
480 1428 547 1492 veri
574 1427 680 1491 cultus
711 1428 822 1493 amissi
853 1434 943 1507 sunt,
975 1431 1085 1493 omnis

142 1514 269 1595 generis
296 1516 494 1580 calamitates
524 1523 557 1580 11
582 1536 703 1598 poenas
734 1517 825 1598 sequi
858 1537 988 1581 necesse
1022 1524 1083 1582 est.

141 1604 229 1677 Quid
253 1605 342 1667 enim
364 1602 442 1669 boni
464 1606 510 1669 ibi
525 1607 655 1687 'sperari
677 1611 798 1688 potest,
826 1606 885 1669 ubi
912 1607 1002 1669 nulla
1028 1606 1082 1670 dei

141 1693 264 1757 noticia
296 1696 367 1757 est?
411 1694 477 1757 Ubi
507 1695 608 1757 animi
638 1694 736 1758 deum
763 1714 830 1757 non
857 1694 1003 1760 iudicant
1029 1697 1081 1759 be·

13 1783 15 1862 ζ
141 1782 281 1863 nignum
303 1788 337 1845 et
358 1783 520 1847 faventem
540 1803 622 1861 esse,
645 1783 703 1846 sed
718 1782 950 1847 demerendum
966 1784 1086 1847 studiis

13 1863 15 1890 1
141 1870 285 1934 nostris?
306 1872 371 1935 Hic
392 1872 462 1935 sinc
484 1872 582 1935 modo
604 1876 780 1935 nascuntur
796 1873 900 1935 cultus
915 1872 1000 1949 novi,
1024 1872 1083 1936 scd

13 1989 14 2032 3
141 1960 221 2040 quia
243 1960 314 2039 sine
340 1961 437 2029 verbo
467 1967 545 2025 sunt
571 1960 729 2042 suscepti,
761 1959 830 2025 odit
857 1980 911 2024 eos
938 1960 1018 2024 deus
1049 1968 1083 2025 et

12 2055 16 2135 1
140 2049 246 2130 punit.
293 2048 437 2115 coniecti
459 2056 568 2115 autem
590 2050 625 2113 in
648 2049 793 2114 miserias
817 2055 850 2115 et
865 2049 1083 2115 calamitatem

13 2140 15 2177 ³
140 2139 252 2202 miseri
273 2139 432 2219 homines,
456 2140 535 2221 quia
555 2139 654 2202 deum
677 2159 744 2202 non
767 2146 902 2216 norunt,
926 2145 984 2203 aut
1006 2159 1081 2204 cum

141 2227 345 2291 dubitatione
368 2247 443 2292 eum
465 2230 625 2305 invocant,
650 2233 707 2292 aut
721 2233 951 2294 convertuntur
966 2227 1085 2297 adsue

87 2367 93 2373 .
141 2317 259 2394 studia,
284 2322 318 2380 et
337 2317 510 2382 hominum
533 2318 655 2380 auxilia
669 2323 837 2398 quaerunt.
876 2317 928 2380 Ita
942 2316 1084 2381 subinde

141 2405 239 2468 altius
263 2412 360 2486 atque
382 2406 479 2471 altius
500 2406 536 2468 in
558 2406 641 2469 iram
664 2406 718 2488 dei
740 2407 984 2487 immerguntm.

230 2495 302 2559 Hoc
325 2501 374 2558 est
395 2493 601 2558 mendacium
624 2501 658 2559 11
678 2495 732 2558 hic
754 2494 848 2558 dolus
871 2501 933 2570 est,
958 2514 1023 2575 quo
1046 2514 1085 2559 se

141 2582 323 2648 circundari
353 2583 505 2649 dominus
532 2584 594 2648 hoc
620 2583 657 2646 in
684 2584 754 2648 loco
781 2583 935 2664 queritur.
987 2579 1082 2647 ¹Veri

132 2673 230 2736 ‘enim
253 2673 358 2738 cultus
381 2678 467 2750 sunt,
492 2673 550 2754 qui
572 2672 792 2756 suscipiuntur
814 2671 993 2736 secundum
1015 2692 1083 2738 ver-

138 2761 220 2825 bum
243 2760 311 2839 dei,
334 2767 367 2825 et
389 2761 565 2827 mandante
588 2761 658 2826 deo.
704 2761 751 2823 Hi
780 2762 816 2824 in
835 2761 1025 2828 ,humilitate
1048 2767 1081 2825 et

139 2870 215 2914 cum
239 2857 325 2914 certa
346 2850 466 2914 fiducia
487 2850 723 2914 misericordiae
747 2851 888 2931 suscepti
911 2849 971 2913 deo
997 2851 1082 2929 grati

140 2946 226 3004 sunt.
273 2940 352 3007 Ideo
375 2939 505 3004 afflictis
527 2939 623 3002 rebus
646 2958 741 3020 opem
765 2938 871 3014 affert,
901 2939 1083 3003 11111111-

138 3037 192 3096 tus
216 3028 318 3092 audit.
365 3028 427 3092 Sed
442 3021 615 3093 idolatrae²
634 3032 757 3107 quanto
772 3027 893 3090 maiore
908 3032 1026 3089 conatu
1046 3046 1084 3090 se

139 3119 201 3183 deo
224 3116 451 3182 commendare
474 3123 507 3181 et
529 3136 570 3180 ex
590 3117 685 3179 malis
699 3115 922 3197 praesentibus
938 3115 1084 3179 evolvere

139 3208 334 3284 moliuntur,
363 3212 460 3275 ‚tanto
493 3206 700 3270 involvuntur
733 3205 829 3268 altius
863 3204 899 3266 in
932 3205 1013 3266 iram
1032 3209 1081 3267 'et

140 3316 272 3381 poenas,
297 3297 381 3360 sicut
402 3295 499 3378 paulo
521 3300 595 3376 post
617 3294 776 3375 propheta
797 3293 892 3357 dicet.

235 3379 461 3448 ³Mendacium
483 3384 582 3464 igitur
603 3383 706 3464 impia
728 3381 882 3458 doctrina,
907 3374 1077 3457 11111111,4

158 3474 322 3558 ypocrisis
345 3494 382 3538 ac
400 3473 521 3554 impius
536 3472 641 3535 111111
657 3477 714 3548 est,
739 3471 796 3551 qui
812 3470 916 3551 qualis
931 3470 967 3532 in
981 3488 1085 3554 regno

162 3565 240 3628 eracl
262 3563 361 3626 fuerit
382 3562 459 3626 satis
482 3562 553 3643 ipsa
573 3560 709 3623 historia
731 3559 880 3623 ostendit.

231 3756 259 3824 1)
269 3755 340 3810 Veri
348 3755 450 3810 cultus.
474 3752 662 3821 11111111.
688 3749 716 3822 3)
726 3750 918 3806 Mendacium.
944 3749 973 3820 4)
981 3749 1083 3804 Dolus.
