2575 4225
446 296 573 359 Hoseae
596 296 781 378 prophetae.
1020 298 1083 359 323

12 546 16 554 Ι
142 478 253 548 100100,
278 478 349 535 tum
364 490 444 535 cum*
454 491 597 537 essemus
615 474 749 537 inimici.
798 472 977 538 Coniuncta
991 475 1090 556 igitur

152 568 202 625 est
223 562 272 623 ira
299 562 450 624 deinum
477 562 663 641 dilectione,
698 563 759 627 hoc
782 570 846 640 est,
881 583 956 628 cum
982 562 1089 629 studio

144 650 299 714 servandi
321 657 353 713 et
376 651 521 713 salvandi
543 651 701 715 homines.
736 650 741 657 ’

236 743 1088 823 ῙΜΜΜΜΜώωΜΜ

144 845 255 909 iuncta
277 853 327 909 est
349 867 424 910 cum
454 845 561 911 studio
585 847 732 923 nocendi,
765 854 797 911 et
819 848 980 927 extinguit
1001 868 1086 929 pror·

145 954 198 998 sus
227 934 441 999 dilectionem.
488 937 531 998 Et
553 942 664 998 tamen
685 936 788 1000 voluit
810 936 890 999 deus
918 956 994 999 suae
1021 937 1087 999 irae

145 1044 227 1105 quae
256 1024 436 1087 dilectionis
473 1024 521 1087 ira
554 1030 632 1101 est,‘
659 1025 831 1104 vestigium
862 1025 1028 1107 quoddam
1052 1025 1089 1087 in

145 1119 261 1176 natura
297 1114 484 1195 relinquere.
538 1113 615 1177 Ideo
645 1114 773 1178 Salomo
804 1114 1017 1177 similitudine
1046 1112 1087 1175 ab

144 1201 332 1264 hominibus
347 1208 478 1283 sumpta
499 1202 611 1278 utitur,
635 1222 710 1266 cnm
729 1202 827 1266 dicit:
853 1202 973 1265 Filium
990 1220 1089 1283 quem

146 1290 252 1370 diligit
267 1296 359 1371 pater
377 1292 520 1371 castigat.
566 1292 631 1353 Hic
648 1292 734 1354 enim
750 1297 913 1375 utrunque
929 1290 1087 1368 videmus

146 1379 232 1459 quod
256 1386 289 1443 et
310 1380 379 1442 odit
400 1386 568 1461 peccatum
590 1385 696 1461 pater,
726 1387 758 1443 et
780 1386 890 1443 tamen
910 1400 1089 1462 personam

147 1488 228 1548 quae
251 1468 404 1550 peccavit,
429 1469 544 1548 diligit.
591 1470 639 1531 Ac
661 1469 734 1551 ipsa
756 1470 895 1546 dilecti0,
920 1469 1007 1549 quod
1030 1469 1087 1531 mi·

145 1558 245 1620 rabile
268 1563 326 1635 est,
350 1558 415 1620 irae
438 1577 534 1621 causa
557 1563 614 1634 est,
638 1559 702 1622 nisi
725 1558 813 1621 enim
836 1558 982 1637 diligeret
998 1564 1089 1639 pater

145 1646 261 1722 filium,
285 1647 403 1710 sineret
418 1666 493 1708 eum
508 1648 642 1727 impune
666 1647 742 1709 ferri
758 1648 824 1710 suis
844 1647 1086 1727 cupiditatibus.

146 1734 207 1798 Sed
231 1735 392 1816 quiahoc
414 1734 503 1798 videt
525 1736 591 1797 filio
615 1736 744 1799 exitiale
767 1736 845 1812 fore,
874 1735 979 1798 frenat
1003 1736 1087 1817 cupi-

146 1824 263 1888 ditates
286 1825 473 1888 saeveritate
496 1824 684 1906 disciplinae
707 1831 740 1887 01
761 1825 876 1905 plagis.

234 1931 307 1993 Hoc
330 1931 500 1994 consilium
522 1930 575 1993 dei
598 1931 756 2012 propheta
777 1930 832 1992 hic
855 1931 1015 2009 eleganter
1039 1950 1089 1991 ex·

145 2020 256 2102 plicat.
302 2020 465 2083 Horribile
480 2019 545 2081 irae
569 2020 755 2101 exemplum
772 2026 848 2098 erat,
873 2019 969 2081 abiici
983 2023 1090 2082 totum

146 2109 305 2192 populum
327 2109 425 2172 Israel
446 2111 482 2172 in
505 2115 629 2190 gentes,
660 2115 693 2172 01
719 2108 767 2172 ibi
789 2108 930 2188 relinqui
958 2106 993 2170 in
1022 2129 1090 2190 per·

145 2205 269 2280 petua,
284 2219 351 2261 non
374 2199 479 2261 solum
502 2199 667 2276 servitute,
693 2198 750 2260 sed
774 2198 925 2261 caecitate
948 2203 981 2261 et
1003 2198 1090 2277 igno-

108 2358 113 2363 ,
145 2288 252 2351 rantia
273 2287 346 2350 dein
381 2287 481 2350 Iudae
505 2287 645 2350 conditio
669 2288 731 2350 etsi
753 2293 836 2350 esset
857 2286 970 2349 melior
1000 2289 1091 2365 (nam

147 2377 230 2440 sicut
252 2375 338 2438 inira
352 2375 446 2452 dicet,
471 2377 657 2439 servabatur
672 2376 714 2438 ad
729 2395 868 2438 messem
883 2375 1090 2456 promissam)

146 2472 257 2528 tamen
279 2465 401 2528 duriter
422 2464 553 2528 habitus
576 2469 634 2540 est,
659 2465 746 2544 quod
765 2469 890 2528 vastato
913 2463 1035 2544 templo
1059 2467 1091 2525 01

146 2561 214 2618 1010
244 2574 342 2633 regno
376 2559 460 2617 10100
495 2553 700 2634 septuaginta
727 2572 830 2616 annos
863 2553 947 2615 inter
979 2556 1090 2632 gentes

147 2643 295 2725 captivus
317 2643 485 2706 habitavit.
531 2643 645 2723 Itaque
661 2641 801 2723 populus
825 2640 888 2703 fuit
905 2640 998 2721 quasi
1022 2640 1090 2703 sine

147 2732 225 2809 deo,
258 2752 336 2794 nam
363 2731 530 2807 dominus,
566 2732 650 2793 sicut
676 2731 731 2794 hic
757 2730 915 2806 minatur,
946 2729 1026 2793 abiit
1055 2730 1105 2791 in·

149 2841 245 2884 suum
266 2821 389 2896 locum,
413 2820 474 2883 hoc
497 2825 555 2897 est,
579 2819 709 2900 reliquit
730 2819 882 2882 idolatras
905 2818 1090 2898 plectendos

148 2910 314 2990 gentibus,
345 2929 405 2971 nec
433 2907 580 2971 defendit
608 2928 662 2971 000
686 2914 796 2971 0011110
826 2913 947 2986 gentes.
998 2901 1088 2979 ²Quo

149 2995 258 3062 au'tem
281 2998 414 3060 consilio
436 2999 498 3060 hoc
513 2997 613 3059 fecit?
659 2997 707 3058 Eo
730 2996 899 3071 nimirum,
936 3001 974 3056 ut
996 3014 1091 3073 agno-

149 3093 273 3155 scerent
294 3093 463 3167 peccatum
484 3106 596 3161 suum,
626 3091 659 3148 et
681 3089 869 3164 quaererent
891 3083 1007 3145 faciem
1037 3082 1088 3145 do·

148 3176 239 3252 mini,
262 3177 326 3238 hoc
349 3181 405 3252 est,
429 3181 467 3238 ut
481 3175 749 3255 amplecterentur
771 3172 914 3248 verbum,
940 3178 972 3235 01
986 3172 1090 3234 cultus

149 3266 183 3328 in
217 3265 315 3327 verbo
343 3264 532 3344 propositos.
590 3263 681 3325 Haeo
711 3262 798 3324 enim
829 3261 956 3343 proprie
991 3259 1090 3322 facies

152 3354 201 3416 iei
223 3359 289 3429 est,
321 3373 386 3432 qua
409 3373 442 3414 00
465 3352 583 3417 revelat
605 3359 638 3413 et
660 3351 754 3415 nobis
778 3351 871 3430 quasi
894 3348 1088 3431 conspicien-

166 3463 228 3504 .um
244 3444 346 3518 offert,
370 3441 505 3506 verbum
528 3440 649 3505 scilicet
664 3446 696 3506 et
711 3440 815 3504 cultus
833 3438 966 3515 externi,
991 3438 1088 3502 verbo

162 3531 305 3594 nandati.
619 3530 622 3534 ’

166 3689 366 3701 unm——

239 3775 267 3846 1)
288 3775 511 3830 Irahominnm.
549 3773 578 3842 2)
598 3773 661 3837 Quo
680 3771 800 3833 consilio
819 3771 890 3825 deus
909 3757 1039 3837 affligat?

873 3859 907 3911 21
914 3859 927 3889 *
