2575 4225
423 275 507 340 52
1075 274 1286 357 Caput
1330 280 1628 338 octavum

421 456 543 520 erit
587 460 663 518 ut
707 454 839 518 sint
884 452 1024 517 sine
1069 452 1260 533 culpa
1305 457 1371 514 et
1415 451 1683 515 crimine
1738 473 1832 534 pe.
1884 461 1948 517 et
1995 453 2301 521 emunda*

419 546 538 609 bor
583 565 623 606 a
667 543 900 607 delicto
946 541 1264 618 maxime,
1323 547 1397 604 ut
1439 540 1726 606 habeant
1768 545 2008 605 henam
2056 545 2305 605 fama-111

421 640 489 696 et
532 633 934 716 inculpatam
978 637 1095 693 ctc.
1639 674 1642 679 .

602 721 806 802 Cogor
849 720 1039 783 irasci
1083 724 1150 781 et
1193 739 1302 782 eos
1349 717 1620 802 perdere*
1644 719 1796 799 quia
1828 721 2136 801 iniquitae
2169 745 2301 785 nen

422 812 563 874 vult
605 811 843 874 habere
890 810 1106 872 finem.
1199 809 1351 889 Ipse
1390 808 1633 871 scilicet
1662 829 1884 873 eorum
1916 809 2072 873 dene
2104 833 2305 889 quem

422 900 550 982 ipsi
610 900 996 963 invenerunt
1049 897 1202 973 sibi,
1273 897 1381 959 hic
1443 896 1601 960 deus
1660 918 1788 961 non
1836 901 1992 961 feeit·
2036 901 2301 973 Ieraheh

422 988 536 1051 sed
579 988 826 1052 Israhel
870 986 1024 1050 fecit
1067 988 1305 1068 ipsum.
1399 992 1687 1049 creatura
1733 997 1828 1050 eet
1876 1009 2004 1049 nen
2036 997 2301 1061 eremos,

419 1078 596 1141 unde
627 1084 916 1142 creatura
945 1096 1097 1140 cum
1126 1080 1404 1139 creatore
1436 1074 1629 1139 debet
1672 1077 1896 1157 perire.
1952 1113 2032 1121 —
2092 1073 2305 1157 'Opue

421 1187 738 1231 manuum
784 1172 1150 1230 nostrarum
1195 1164 1431 1228 dicitur
1460 1164 1727 1247 idolum,
1776 1165 2088 1245 quiequid
2124 1169 2305 1229 iaeti-

422 1257 666 1319 tuimus
725 1258 798 1318 in
859 1255 1037 1317 cultu
1095 1253 1206 1315 ino
1265 1253 1486 1317 divino
1548 1254 1697 1319 ficto
1751 1261 1816 1317 et
1872 1277 1908 1317 a
1956 1257 2144 1317 nobie
2205 1277 2305 1317 ex-

421 1346 719 1423 cogitato,
782 1348 881 1406 est
925 1361 1088 1423 opus
1133 1361 1449 1405 manuum
1504 1349 1864 1407 nostrarum
1912 1353 2028 1405 ete.
2124 1345 2301 1405 Libe-

425 1428 606 1519 [mm]
634 1425 1005 1517 arbi[trium]
1039 1430 1205 1494 nihil
1233 1431 1391 1494 facit
1419 1432 1548 1495 nisi
1577 1431 1824 1496 idolum
1872 1433 2020 1513 quia
2068 1437 2209 1497 vult
2237 1433 2309 1493 in

422 1522 615 1586 rebus
662 1521 901 1585 divinis
948 1540 1152 1602 agere.
1246 1522 1422 1583 Deus
1466 1522 1606 1584 vult
1651 1521 1956 1597 formare,
2006 1545 2140 1585 nen
2189 1525 2309 1585 fele

421 1610 606 1687 mari,
655 1609 779 1675 hoc
825 1616 924 1674 est
977 1629 1060 1673 ex
1104 1610 1226 1673 deo
1277 1616 1511 1673 natum
1565 1630 1721 1687 esse,
1780 1613 1892 1677 eed
1956 1613 2060 1673 hie
2120 1613 2305 1677 dieit:

422 1699 668 1763 Israhel
715 1700 870 1763 fecit
914 1700 1114 1764 istum
1159 1699 1376 1762 deum.

1197 1858 1469 1921 Artifex.
1484 1853 1510 1891 ²

603 1965 885 2030 declarat
935 1984 1002 2029 se
1060 1965 1279 2047 ipsum
1298 2014 1312 2041 ,
1385 1966 1772 2048 contemptis
1840 1969 2048 2029 verhie
2124 1977 2313 2033 veeat

422 2057 550 2121 ista
595 2056 810 2121 studia
856 2061 973 2120 etc.
1025 2054 1317 2120 studium
1362 2060 1427 2119 et
1472 2074 1579 2119 cor
1624 2074 1844 2119 eorum
1876 2065 2060 2122 nete-t
2104 2065 2169 2122 et
2217 2082 2309 2122 er-

423 2147 583 2226 guit,
633 2146 873 2209 seilicet
917 2143 1224 2211 fiduciam
1267 2145 1341 2207 in
1387 2145 1636 2208 cultum
1664 2146 1848 2207 illum
1888 2170 2084 2226 quem
2132 2170 2309 2230 prae-

424 2239 617 2310 stant,
667 2234 782 2296 ubi
825 2232 1064 2296 fiducia
1107 2239 1223 2309 est,
1271 2233 1366 2296 ibi
1410 2233 1589 2310 deus,
1649 2234 1760 2296 ubi
1808 2238 2165 2314 theeaurue,
2217 2238 2313 2298 ihi

424 2343 534 2386 cor
564 2328 683 2386 etc.
777 2321 881 2385 Sic
912 2341 1120 2403 cappa
1159 2322 1644 2399 Monachorum,
1693 2323 1936 2386 ieiunia
1968 2334 2092 2394 ete„
2169 2326 2309 2390 Cul-

424 2417 568 2475 tum
613 2411 898 2493 appellat
941 2409 1156 2473 deum.
1247 2412 1501 2474 Aurum
1547 2411 1673 2475 fuit
1717 2414 1956 2475 cultus:
2016 2434 2161 2494 erge
2213 2422 2313 2478 eet

421 2500 584 2564 deus
631 2519 869 2564 eorum.

971 2623 1190 2697 Quum
1235 2624 1308 2687 in
1354 2643 1751 2686 aranearum.

601 2729 915 2810 quoniam
947 2735 1064 2792 etc.
1131 2729 1313 2793 aliter
1341 2730 1516 2810 legit,
1548 2731 1844 2794 hebraice
1876 2742 1972 2794 eet
2000 2734 2305 2798 eti-habeb.

421 2818 720 2881 Schabab
769 2817 997 2885 mutben
1043 2819 1208 2882 sicut
1253 2819 1701 2900 praesegmina
1760 2830 1824 2886 et
1880 2822 2309 2902 praeeieienee

421 2907 764 2988 lignorum,
814 2907 1177 2989 peripsema
1222 2915 1338 2986 est,
1386 2907 1456 2970 id
1503 2913 1632 2972 est:
1680 2909 1840 2974 dene
1888 2910 2209 2974 Samariae
2241 2910 2313 2994 ist

423 2996 726 3060 schabab.
852 2997 926 3060 fit
1001 2997 1392 3078 peripsema,
1478 2997 1547 3059 id
1630 3004 1760 3062 est:
1840 2998 2161 3078 redigetur
2237 3002 2310 3062 in

423 3085 720 3148 nihilum.

1023 3210 1179 3291 quia
1222 3217 1492 3274 ventum
1538 3217 1654 3274 etc.
1669 3205 1695 3243 ‘⁹’

602 3315 913 3396 quoniam
969 3321 1089 3378 etc.
1185 3317 1367 3379 aliter
1424 3317 1582 3398 legit
1636 3324 1751 3382 etc.
1868 3322 2136 3398 figurata
2213 3330 2313 3386 eet

425 3405 644 3467 oratic.
747 3401 835 3485 5111
902 3408 1092 3469 mettet
1158 3405 1494 3484 requirunt
1561 3413 1626 3469 et
1692 3410 1856 3470 satie
1924 3418 1988 3470 et
2056 3410 2309 3474 meeeie,

423 3493 561 3573 Ipsi
615 3493 941 3557 seminant
991 3490 1312 3570 ventum,'
1364 3494 1584 3561 merben
1637 3494 1768 3577 unffi
1824 3498 2148 3558 turbinem
2209 3502 2313 3562 vel

425 3587 877 3662 tempestatem
925 3580 1199 3666 einebten.
1289 3583 1706 3648 Proverbium
1737 3586 1900 3650 ferte
1952 3586 2072 3646 fuit
2120 3606 2313 3666 gene-

609 3755 662 3824 1)
701 3756 916 3825 Incipit
950 3758 1044 3813 fol.
1087 3757 1205 3812 121.
1227 3757 1295 3812 B.
1334 3756 1521 3813 Msoi.
1596 3758 1652 3826 2)
1691 3777 1741 3816 v.
1780 3762 1828 3814 e
1904 3758 1960 3826 e)
2000 3778 2052 3814 v.
2092 3758 2140 3810 τ.
