2575 4225
433 260 560 325 Hoseae
582 262 770 345 prophetae.
1004 264 1068 329 351

10 477 12 510 ς
134 434 239 547 ¹H1c‘
256 437 296 501 de
319 438 521 542 sacerdotum
543 445 674 521 peccato
692 439 821 521 proprie
833 439 987 522 loquitur,
1011 443 1071 524 qui

10 553 11 588 ;
212 526 409 591 ‘idolatriam
441 548 508 593 non
542 529 648 593 solum
681 548 748 592 non
781 530 1069 611 reprehendebant,

10 625 11 630 ’
129 616 186 679 sed
213 616 313 680 etiam
331 616 528 699 principum
555 618 704 697 gratiam
721 617 895 682 idolatricis
929 620 1071 684 cultibus

10 747 11 750 κ
129 706 312 787 captabant.
358 706 443 769 Nam
465 707 603 782 malicia,
626 706 668 769 de
690 726 756 787 qna
778 709 937 789 propheta
957 708 1011 772 hic
1026 710 1071 773 lo·

129 795 256 874 quitur,
285 814 354 858 non
376 802 426 858 est
456 795 559 859 civilis
584 794 731 872 malicia,
760 796 817 859 sed
845 797 1069 874 ecclesiastica,

10 906 11 968 ᾗ
128 902 211 964 quae
235 884 458 963 complectitur
476 884 598 965 impios
621 884 727 947 cultus
743 890 776 947 et
789 884 942 965 dogmata
956 887 1069 967 impia,

10 972 13 1062 ᾗ
127 972 201 1036 ideo
225 973 367 1054 appellat
388 972 567 1035 mendacia.
613 972 829 1054 Decipiuntur
842 974 930 1037 enim
947 976 1070 1057 simpli·

128 1056 190 1138 ees,
215 1067 248 1124 et
270 1060 350 1123 dum
372 1067 490 1143 putant
512 1081 546 1124 ee
569 1061 629 1124 deo
644 1067 773 1141 gratum
788 1062 902 1140 facere,
925 1065 1069 1126 maxime

10 1151 11 1228 j
127 1169 203 1213 eum
218 1148 398 1213 offendunt.
437 1150 528 1214 Sicut
541 1152 720 1213 monachus
736 1149 816 1213 dum
830 1150 964 1229 ieiunat,
989 1152 1070 1215 dum

127 1238 271 1305 studiose
294 1238 406 1302 adorat
427 1245 565 1316 sanctos,
589 1239 670 1301 dum
693 1235 808 1303 missas
823 1240 971 1318 celebrat,
994 1261 1070 1306 vere

10 1339 11 1342 ’
127 1327 308 1391 mendaciis
330 1334 513 1409 occupatur,
538 1348 605 1392 non
627 1328 715 1391 enirn
737 1326 774 1390 hi
796 1327 850 1392 dei
872 1330 998 1407 cultus,¹
1011 1330 1070 1393 sed

10 1422 14 1442 '
126 1416 331 1498 blasphemia
352 1423 386 1479 et
399 1436 529 1480 summa
542 1417 619 1497 erga
633 1416 731 1481 deum
746 1414 966 1481 inobedientia
981 1425 1069 1483 sunt.

219 1594 368 1659 niversi
405 1593 487 1676 ipsi
524 1599 621 1659 sunt
666 1595 860 1673 adulteri,
908 1596 1070 1660 similes

172 1752 176 1757 ,
239 1683 397 1747 fornaci
420 1702 633 1760 succensae
657 1704 730 1765 per
755 1684 969 1765 pistorem,
1000 1686 1069 1767 qui

170 1772 354 1853 quiescit
376 1772 424 1835 ab
447 1771 670 1836 excitanda
692 1775 730 1835 et
753 1773 984 1853 subigenda
1010 1774 1068 1835 fa·

170 1861 277 1939 ri'na,
302 1860 428 1925 donec
449 1862 733 1924 fermentetur.

176 2058 205 2102 1c
227 2037 361 2122 exponit
383 2057 427 2116 se,
451 2038 492 2101 de
514 2058 580 2121 qua
601 2036 744 2117 malicia,
771 2044 804 2103 et
827 2038 867 2101 dc
891 2058 955 2120 quo
978 2059 1068 2102 men·

199 2129 295 2191 dacio
306 2129 465 2210 loquatur,
482 2147 618 2210 nempe,
636 2127 677 2190 dc
692 2129 780 2210 turpi
796 2128 965 2207 adulterio,
978 2129 1069 2210 quod

125 2216 341 2281 discesserunt
363 2238 384 2280 a
404 2236 480 2280 vero
503 2214 577 2294 deo,
608 2223 641 2280 ct
664 2217 748 2280 sicut
770 2217 914 2282 adultera
940 2219 1067 2296 mulier,

125 2325 160 2371 se
180 2306 396 2370 contulerunt
423 2305 465 2368 ad
492 2306 618 2369 alienos·
651 2311 824 2384 amatores,
855 2307 898 2370 ad
926 2306 1013 2371 idola
1035 2314 1070 2370 et

11 2374 18 2401 ²
124 2395 305 2478 prohibitos
332 2395 451 2472 culta,
487 2380 670 2474 aimundo
692 2395 821 2477 propa
851 2396 991 2477 perena
1024 2395 1068 2458 ,a

124 2483 328 2567 pingendum
350 2484 523 2547 vehemens
547 2482 708 2560 studium,
740 2482 827 2564 quod
854 2483 890 2546 in
919 2481 1068 2547 idolatris

125 2580 183 2638 est.
230 2572 356 2635 Ardent
387 2572 478 2635 enim
512 2572 595 2636 sicut
628 2572 757 2649 fornax,
796 2589 879 2654 quae
914 2591 1068 2636 succensa

126 2666 183 2743 est.
231 2660 325 2736 Quod
348 2660 390 2727 ad
413 2661 658 2742 grammaticam
680 2661 808 2739 attinet,
838 2666 919 2744 puto
943 2667 1067 2725 senten·

125 2753 206 2815 tiam
228 2757 313 2815 recte
336 2756 369 2814 et
389 2750 517 2833 proprie
539 2749 710 2813 redditam.

168 2925 272 3038 Dres
295 2927 403 3009 regis
425 2926 556 2992 nostri
583 2933 658 3004 est,
689 2926 904 3010 principes
934 2925 1068 3007 igitur

226 3017 528 3080 incalescentes
566 3015 661 3079 vino
699 3015 986 3091 debilitantur,
1026 3021 1068 3078 et
1169 3092 1173 3098 ‚

169 3126 241 3170 rex
262 3123 378 3168 manu
401 3123 472 3169 sua
494 3103 540 3167 ad
564 3123 602 3166 se
625 3103 756 3168 trahit
777 3104 985 3166 illusores.

125 3282 312 3394 Brevitas,
347 3289 385 3347 ut
413 3283 494 3347 solet
519 3281 574 3344 hic
603 3281 834 3346 obscuritatem
861 3279 955 3362 parit.
1002 3277 1065 3341 Sed

187 3373 347 3456 propheta
368 3371 451 3434 nibil
473 3370 562 3433 aliud
585 3371 667 3450 agit,
698 3390 797 3450 quam
818 3375 857 3432 ut
884 3366 1066 3432 similitudi·

140 3482 201 3526 1em
233 3462 275 3523 de
304 3461 434 3524 fornace
464 3479 618 3522 succensa
640 3460 788 3540 explicet.
838 3452 988 3520 'Pistoris
1010 3475 1065 3520 no·

140 3551 213 3614 nine
235 3550 374 3614 veniunt
394 3549 489 3631 impii
512 3548 670 3625 doctores,
702 3548 739 3610 hi
762 3547 900 3611 farinam
929 3547 1064 3626 agitant,

216 3741 243 3809 1)
263 3741 447 3796 Sacerdotum
465 3743 622 3809 peccatum
660 3738 688 3808 2)
707 3740 809 3794 Pistor.
