2575 4225
210 271 276 334 492
445 270 550 352 Caput
571 275 722 350 quartum
746 268 909 330 decimum

208 447 323 528 Itaque
345 467 412 510 non
435 452 512 510 sunt
533 446 755 510 inobedientes
777 443 965 526 parentibus
988 450 1021 506 et
1050 443 1150 524 magi-
1270 447 1272 452 ’

210 537 372 611 stratibus,
396 555 462 599 non
485 535 645 612 occidunt,
670 555 736 597 non
760 535 851 596 olunt
868 533 1059 610 simultates,
1083 553 1150 597 non

210 631 288 688 sunt
308 623 538 704 implacabiles,
561 645 628 686 non
651 623 880 698 adulterantur,
904 640 970 685 non
991 621 1149 684 fornican—

210 721 272 790 tur,
297 718 457 793 quaerunt
478 733 537 776 suo
559 713 667 776 labore
690 712 821 787 victum,
846 717 923 774 sunt
944 710 1092 773 liberales
1113 711 1150 772 in

210 821 368 884 pauperes
396 806 456 864 eto.
502 803 609 881 Atque
635 801 672 862 hi
706 806 783 863 sunt
816 800 882 863 veri
917 800 1056 875 fructus,
1093 798 1150 879 qui

210 890 443 972 poenitentiam
474 896 506 953 et
534 890 757 953 remissionem
785 895 989 969 peccatorum
1013 906 1149 967 sequun-

210 987 271 1043 tur.
318 979 389 1041 Etsi
420 985 530 1043 autem
564 998 660 1059 saepe
693 978 866 1042 vinctmtur
901 997 920 1039 a
953 983 1085 1057 peccato
1118 982 1154 1038 et

210 1087 322 1144 carne,
353 1075 464 1131 tamen
485 1069 570 1131 hanc
592 1067 827 1142 obedientiam,
857 1066 1067 1146 quantumvis
1093 1063 1150 1126 im·

210 1157 396 1238 perfectam,
419 1163 551 1240 propter
572 1156 671 1220 fidem
693 1156 729 1218 in
745 1155 918 1231 Christum,
942 1173 1025 1235 quae
1041 1153 1153 1216 omnia

210 1252 341 1326 peccata
363 1247 460 1322 tollit,
484 1245 689 1321 amaedeus,
714 1250 747 1307 et
770 1244 879 1325 ampla
900 1244 1062 1325 promittit
1084 1261 1151 1324 pre·

211 1335 287 1409 mia,
311 1340 383 1397 tum
406 1335 583 1416 corporalia
604 1339 677 1408 tum
700 1332 887 1412 spiritualia.

300 1424 391 1485 Haec
413 1428 463 1484 est
484 1423 645 1503 praecatio
661 1442 719 1502 pro
734 1422 922 1484 remissione
937 1427 1153 1503 peccatorum,
1247 1499 1250 1507 Δ

212 1529 295 1589 quae
317 1510 475 1585 ostendit,
504 1512 589 1574 sicut
611 1511 768 1587 diximus,
799 1529 908 1575 veram
934 1508 1156 1592 poenitentiae

211 1598 380 1662 rationem.

213 1774 328 1883 Addit
357 1782 479 1840 autem«
495 1777 653 1859 propheta
683 1776 875 1860 particulam
906 1773 997 1856 (quia
1030 1795 1089 1857 per
1122 1782 1156 1839 te

288 1864 540 1928 misericordiam
577 1867 785 1946 consequitur
821 1863 978 1946 pupillus)
1022 1865 1157 1945 plenam

214 1952 430 2034 pulchem'ma
452 1955 572 2017 fiducia
593 1955 629 2016 in
653 1954 760 2030 deum,
785 1954 856 2017 sine
878 1972 943 2034 qua
965 1953 1066 2016 oratio
1090 1954 1156 2015 fru-

213 2047 280 2104 stra
302 2048 359 2105 est.
406 2043 563 2107 Convenit
585 2049 694 2107 autem
717 2044 796 2106 haec
819 2042 976 2125 particula
991 2059 1066 2104 cum
1086 2061 1156 2104 sen-

212 2131 315 2193 tentia
360 2129 513 2196 Christiz¹
559 2134 633 2196 Non
670 2133 851 2213 relinquam
888 2152 944 2195 vos
982 2132 1156 2213 orphanos.

212 2219 297 2281 Item
320 2238 394 2282 cum
409 2215 579 2301 psal.10.'
622 2224 671 2285 'Iu
687 2242 720 2285 es
735 2222 859 2303 pupillo
875 2220 1011 2283 adiutor.
1051 2220 1155 2283 Item:

215 2308 264 2370 Tu
286 2307 412 2373 iudicas
440 2330 499 2392 pro
530 2310 656 2392 pupillo
684 2316 717 2373 et
743 2328 898 2392 paupere,
929 2315 1060 2373 utnon
1089 2330 1158 2371 am-

214 2398 301 2479 plius
332 2406 493 2477 grassetur
526 2401 624 2462 homo
659 2418 755 2481 super
788 2404 916 2462 terram.
961 2398 1052 2461 Haec
1086 2418 1159 2461 sen·

214 2487 334 2549 tentiae
357 2508 469 2551 omnes
492 2495 525 2552 et
546 2488 693 2551 doctrina
715 2494 748 2551 et
770 2488 986 2551 consolatione
1009 2492 1087 2550 sunt
1109 2487 1158 2549 in·
1269 2524 1270 2529 κ

214 2575 331 2655 signes,
357 2576 384 2637 si
407 2577 481 2656 quis
504 2596 557 2640 ees
581 2579 707 2642 evolvat
729 2576 923 2657 diligentius.

309 2657 481 2725 ³Doctrina
502 2672 560 2740 est,
585 2666 673 2744 quod
696 2672 882 2747 proponunt
903 2664 1077 2745 imaginem
1097 2683 1158 2729 seu

214 2749 436 2813 definitionem
458 2752 624 2829 ecclesiae,
654 2755 794 2831 quaein
817 2753 939 2817 mundo
963 2754 1077 2816 similis
1106 2761 1159 2817 est

214 2837 338 2919 pupillo
362 2858 420 2901 seu
441 2839 595 2922 orphano,
620 2841 713 2904 cuius
736 2861 831 2905 nemo
855 2862 965 2905 curam
987 2842 1063 2922 agit,
1088 2842 1158 2905 imo

214 2928 267 2990 oui
289 2928 331 2991 ob
354 2930 606 3009 oportunitatem
629 2950 743 2994 nocere
766 2950 878 2993 omnes
902 2931 1053 3012 cupiunt,
1078 2950 1158 2993 cum

210 3021 343 3079 econtra
370 3018 513 3081 mundus
541 3020 718 3083 instructus
746 3020 792 3083 sit
819 3018 992 3101 sapientia,
1025 3019 1156 3101 opibus,

213 3105 374 3185 potentia,
404 3106 547 3185 iusticia,
579 3114 638 3171 etc.
667 3107 786 3188 quibus
808 3109 922 3172 nititur
944 3112 977 3170 et
998 3108 1156 3189 superbit.
1265 3168 1267 3175 ,

213 3193 287 3255 Non
309 3194 407 3273 igitur
429 3216 562 3277 pauper,
586 3216 653 3259 non
675 3197 839 3277 orphanus
862 3202 926 3271 est,
952 3196 1008 3259 sed
1030 3197 1066 3257 in
1089 3216 1156 3259 ma-

213 3282 310 3345 nibus
338 3282 451 3360 habet,
483 3305 549 3364 quo
570 3285 718 3361 confidit,
751 3305 848 3367 seque
878 3290 989 3348 contra
1017 3284 1158 3347 iniurias

212 3371 377 3448 fortunae,
410 3377 443 3435 ct
464 3374 563 3436 etiam
586 3374 640 3436 dei
662 3373 820 3437 iudicium
843 3380 952 3438 tutum
978 3374 1125 3437 existima

307 3454 379 3523 ⁴Sic
400 3460 655 3525 Nebucadllerar
677 3481 754 3525 suae
778 3462 955 3546 sapientiae
985 3467 1117 3542 acceptu

303 3668 331 3735 1)
357 3669 419 3723 Ioh.
447 3669 489 3724 14.
526 3669 555 3738 2)
580 3672 656 3725 Psal.
685 3671 727 3726 10.
763 3671 793 3741 3)
819 3670 947 3727 Ecclesia
973 3675 1124 3739 comparat

141 3800 144 3803 ,
211 3740 349 3808 orphano.
386 3739 415 3807 4)
434 3740 669 3796 NebueadNezar.

1263 3432 1266 3501 l

1256 3898 1265 4048 l
