2575 4225
465 258 591 321 Hoseae
613 257 798 341 prophetae.
1036 254 1100 322 215

152 436 289 512 discite,
314 442 347 499 et
369 434 399 497 ei
421 433 568 512 obedite,
592 434 656 499 nisi
678 434 775 499 vultis
799 440 867 497 esse
890 434 1009 515 ingrati
1032 436 1100 501 filii

153 526 229 588 Hae
260 526 462 606 papistarum
489 544 582 587 voces
611 530 704 600 sunt,
740 523 859 603 quibus
889 544 948 587 nos
984 532 1101 607 putent

153 614 254 677 obrui
275 632 380 695 posse.
419 613 506 676 Atei
521 614 695 694 prophetes
711 611 910 693 respicimus,
934 614 1015 677 haec
1030 614 1101 695 ipsa

156 721 257 767 causa
279 702 353 779 fuit,
377 720 434 764 cur
456 720 620 782 synagoga
641 701 683 763 ab
700 702 852 782 apostolis
868 702 975 765 doceri
990 704 1098 781 nollet,

153 798 190 856 ct
218 792 317 855 vellet
345 790 434 872 parci
460 790 576 853 honori
604 810 673 853 suo.
719 790 879 872 Propheta
907 796 1017 855 autem
1039 792 1100 855 hoo

153 880 193 943 in
214 881 286 943 loco
310 878 474 944 diverurm
496 880 600 956 iubet,
614 871 617 881 '
631 885 670 943 ut
693 883 860 941 accusetur
885 886 989 943 mater
1017 900 1036 943 a
1065 881 1100 943 li·

154 969 259 1045 beris,
288 968 379 1030 nulla
400 966 513 1031 habita
541 966 666 1031 ratione
696 966 868 1049 singularis
896 968 932 1030 in
960 968 1099 1050 speeiem

153 1057 406 1141 praerogativae,
427 1056 518 1147 quod
540 1062 644 1120 mater
666 1061 723 1119 est.

156 1232 287 1345 Iraque
308 1235 362 1298 hic
384 1235 495 1315 regula
515 1233 602 1297 Petri
629 1232 770 1298 tenenda
798 1227 880 1312 est,¹
907 1234 968 1297 deo
995 1234 1099 1316 magis

205 1323 425 1387 obediendum
441 1342 510 1387 esse
525 1342 625 1404 quam
639 1322 837 1386 hominibus.
877 1324 1100 1406 Amplectatur

153 1433 323 1495 synagoge
345 1412 525 1488 Christum,
557 1418 710 1492 agnoscat
732 1431 790 1493 per
812 1431 887 1475 eum
918 1414 1023 1477 solum
1050 1434 1098 1477 ac·

153 1502 222 1583 cipi
244 1500 469 1564 remissionem
498 1506 702 1581 peccatorum
731 1506 764 1563 et
793 1502 894 1565 uitam
925 1508 1097 1581 aeternam,

152 1598 189 1656 et
210 1591 485 1654 exosculabuntur
507 1609 578 1651 earn
600 1590 669 1666 filii,
695 1608 732 1652 ac
754 1591 844 1653 omni
867 1610 981 1671 genere
1000 1592 1097 1656 hono·

135 1680 199 1744 'ris
222 1686 257 1744 et
280 1679 460 1743 officiorum
483 1696 555 1741 eam
578 1678 801 1741 cumulabunt.

246 1768 299 1832 Sic
322 1768 489 1850 pontifices
512 1773 545 1830 et
567 1767 711 1848 episcopi
730 1766 881 1830 desinant
896 1769 1097 1849 evangelium

152 1857 307 1939 persequi
340 1863 374 1920 et
406 1857 645 1937 blasphemare,
685 1861 798 1919 curent
831 1854 973 1920 ecclesiis
1007 1878 1097 1922 veros

151 1947 317 2022 doctores,
345 1944 464 2027 impios
487 1950 596 2008 autem
618 1950 652 2008 et
673 1944 856 2008 idolatrioos
880 1946 984 2008 cultus
1012 1965 1096 2011 amo·

153 2042 263 2112 ceant,
288 2040 321 2097 et
342 2035 513 2097 restituant
535 2053 633 2115 puros
652 2039 686 2095 et
699 2051 790 2096 veros
806 2034 920 2111 cultus,
945 2040 1016 2097 tum
1031 2056 1097 2099 non

150 2125 294 2188 deerunt
316 2123 362 2186 eis
381 2129 491 2187 nostra
505 2122 620 2200 officia,
645 2141 856 2202 agnoscemus
871 2141 925 2187 eos
940 2130 1097 2206 tanquam

150 2219 306 2295 parentes
336 2219 477 2289 nostros,
512 2217 546 2274 et
574 2211 759 2293 parebimus
788 2212 924 2276 libenter
953 2213 1096 2294 ipsorum

150 2300 331 2378 autoritati,
356 2320 455 2382 quam
477 2301 575 2364 verbo
597 2300 652 2363 dei
666 2299 821 2364 -videmus
851 2305 1094 2367 communitam.

150 2391 218 2455 Sed
241 2391 321 2471 quia
341 2395 579 2470 persequuntur
600 2391 816 2469 evangelium,
847 2410 885 2453 ac
913 2390 1096 2454 idolatriam

148 2481 306 2556 retinent,
334 2499 401 2542 non
423 2478 506 2542 tanti
528 2477 615 2558 apud
638 2498 697 2541 nos
720 2477 862 2559 parentis
884 2499 1004 2542 nomen
1027 2499 1096 2543 esse

149 2569 261 2645 debet,
286 2573 325 2630 ut
345 2566 419 2631 ideo
435 2566 599 2630 Christum
621 2561 786 2647 negemus,
811 2574 843 2632 et
864 2587 923 2631 nos
940 2587 1014 2630 cum
1030 2567 1095 2632 ido·

148 2658 276 2722 latricis
300 2656 544 2736 coniungamus.
590 2657 658 2718 Deo
681 2657 789 2736 potius
820 2656 1006 2736 obedimus,
1039 2658 1096 2739 qui

148 2747 244 2809 iubet
267 2745 374 2808 audiri
396 2745 510 2822 filium,
535 2752 568 2808 et
589 2764 656 2808 non
679 2746 784 2809 solum
807 2766 866 2809 noe
889 2746 930 2809 ab
951 2746 1095 2810 idolatris

148 2834 365 2914 seiungimus,
390 2833 448 2897 sed
465 2834 565 2896 libere
587 2853 716 2914 quoque
739 2853 923 2898 recusamus
947 2837 1094 2899 autorita-

149 2929 219 2987 tem
243 2942 367 3000 ecrum,
392 2928 425 2985 et
446 2922 629 2985 idolatriam
652 2921 860 3000 traducimus,
885 2941 925 2984 ne
947 2925 1095 3002 exemplo
1221 2959 1224 2966 ·

148 3031 267 3076 eorum
289 3011 406 3074 offensi
427 3011 570 3093 imperiti
591 3011 786 3074 inducantur
809 3010 844 3072 in
867 3031 1014 3075 errorem.

243 3100 489 3163 Meminerimus
511 3101 621 3180 itaque
644 3119 664 3161 a
686 3099 801 3180 spiritu
821 3105 931 3164 sancto
947 3099 1095 3164 mandari

149 3189 214 3252 hoc
244 3189 281 3251 in
310 3189 381 3251 loco
408 3188 582 3265 iudicium,
609 3188 764 3264 iudicate,
795 3187 917 3269 inquit,
944 3190 1007 3253 hoc
1035 3197 1092 3267 est,

149 3283 303 3341 accusate
338 3283 371 3340 et
404 3276 565 3340 damnate.
619 3278 728 3350 Quos?
773 3277 910 3340 Matrem
943 3284 1092 3342 vestram.

171 3366 256 3447 ‘atqui
283 3367 471 3446 parentibus
499 3366 633 3429 debetur
661 3366 784 3428 honor?
825 3367 948 3429 Verum
973 3367 1008 3428 id
1035 3373 1093 3444 est,

175 3456 211 3519 sd
233 3455 313 3517 huic
335 3456 432 3518 matri
447 3476 521 3518 non
543 3454 688 3531 debetur,
712 3475 795 3534 quae
818 3475 884 3518 non
908 3456 1012 3518 solum
1030 3462 1093 3519 tur·

167 3544 206 3606 tis
229 3543 376 3607 adultera
398 3550 456 3620 est,
480 3544 537 3607 sed
560 3543 658 3606 etiam
680 3542 722 3605 ad
746 3543 939 3607 adulterium
961 3545 1031 3608 vult
1045 3565 1094 3608 co·

245 3736 273 3804 1)
292 3737 354 3790 Aa.
376 3747 398 3792 a.
502 3751 534 3796 ,v
