2575 4225
201 280 267 347 306
533 281 638 363 Caput
660 284 811 361 quartum

246 467 390 527 ventus
413 461 453 522 in
475 460 552 522 alis
576 459 675 535 suis,
705 464 742 521 et
771 455 1073 524 confundentur
1103 462 1147 524 in

247 549 468 614 sacrificiis
491 549 584 611 suis.
627 608 632 617 ,

201 725 287 837 Nou
314 726 412 790 libuit
440 726 502 789 hoc
531 725 567 787 in
593 725 665 788 loco
699 726 833 789 verbum
867 725 965 789 verbo
1000 726 1143 790 reddere.

260 817 344 879 Nam
360 815 447 896 quod
463 816 605 878 Ebraeus
621 814 715 877 dicit:
741 814 870 877 Foetuit
883 815 997 877 vinum
1020 835 1141 892 eorum,

201 908 263 969 hoc
291 905 376 967 nihil
403 904 492 967 aliud
523 910 585 980 est,
616 923 715 983 quam
746 903 834 985 quod
863 902 955 966 foede
986 905 1144 985 crapulati

202 996 277 1058 sint.
324 994 414 1057 Sicut
441 998 549 1056 autem
577 992 657 1055 solet
688 991 723 1053 in
754 992 902 1074 epilogis,
934 992 1050 1073 repetit
1073 1014 1144 1073 pro·

201 1085 301 1165 pheta
322 1083 385 1146 hoc
407 1083 443 1145 in
464 1082 535 1145 loco
557 1086 688 1164 peccata
704 1082 801 1161 'regni
823 1081 931 1143 Israel.
978 1082 1021 1143 Et
1041 1082 1144 1159 addit,

202 1192 284 1253 quae
296 1177 582 1324 lpgglllaatrpgcpntllltpg
598 1176 678 1321 5de
692 1264 750 1334 est,
774 1258 836 1320 hoc
852 1264 910 1334 est,
935 1260 1147 1339 consequitur

201 1370 336 1430 magnas
359 1370 436 1430 opes
460 1355 492 1412 et
513 1348 710 1429 potentiam,
738 1345 796 1408 ubi
820 1352 948 1409 econtra
970 1367 1045 1410 vera
1074 1350 1146 1411 reli·

202 1440 254 1520 gio
278 1439 377 1502 esurit
400 1444 432 1501 et
454 1438 548 1517 alget.
595 1436 763 1509 Quomodo
787 1441 895 1498 autem
925 1436 1051 1499 soleant
1077 1438 1145 1501 ido-

201 1530 300 1592 latrae
323 1528 439 1607 opibus
462 1526 526 1601 uti,
555 1526 742 1606 exemplum
765 1543 784 1586 a
812 1524 949 1605 papistis
980 1526 1048 1606 peti
1068 1533 1144 1608 ¹pot-

161 1618 164 1621 ‘
201 1623 259 1680 est.
305 1616 383 1678 Vidi
410 1615 498 1678 enim
528 1614 661 1693 collegia
688 1613 930 1689 canonicomln,
960 1614 1050 1677 aulas
1079 1616 1144 1697 epi-

202 1726 372 1787 scoporum
396 1710 428 1767 et
451 1702 677 1779 cardinalium,
706 1709 738 1765 et
761 1702 930 1784 apparebit
952 1703 1066 1765 eadem
1088 1705 1145 1768 ho·

201 1795 254 1857 die
277 1795 355 1871 fieri,
380 1812 462 1873 quae
477 1793 513 1854 in
527 1812 625 1872 regno
640 1792 740 1854 Israel
754 1791 912 1873 propheta
926 1793 1146 1873 reprehendit,

200 1884 422 1965 impinguatus
445 1882 542 1957 enim,
566 1882 777 1956 incrassatus,
802 1886 834 1943 et
857 1879 1008 1944 dilatatus
1033 1901 1144 1946 servus

201 1973 386 2048 recalcitrat,
411 1972 495 2034 sicut
516 1970 623 2032 Moses
645 1963 817 2049 loquitur.²

289 2061 385 2124 Hanc
407 2060 630 2137 idolatrarum,
654 2064 726 2122 tum
748 2057 965 2140 impietatem,
989 2064 1061 2122 tum
1085 2060 1143 2122 im-

200 2150 385 2231 puritatem,
409 2150 615 2228 magistratus
630 2147 781 2230 politicus
796 2153 912 2211 tuetur.
951 2148 1037 2210 Nam
1052 2169 1145 2230 reges

200 2244 233 2302 et
248 2238 411 2319 principes
426 2239 521 2316 (quos
535 2238 598 2299 hoc
612 2237 648 2298 in
663 2238 732 2298 loco
747 2237 905 2318 propheta
916 2256 957 2298 ex
968 2237 1050 2300 Psal.
1065 2233 1140 2302 47.³

200 2326 357 2408 maginim
381 2330 475 2388 scuta
493 2331 594 2401 vocat,
619 2331 749 2406 propter
768 2326 911 2388 officium
930 2326 981 2388 cui
997 2329 1145 2407 potentia

200 2436 311 2481 eorum
335 2415 451 2479 servire
474 2413 625 2492 debebat)
649 2413 715 2476 fere
738 2433 864 2496 sempor
886 2415 1015 2495 patroni
1029 2415 1143 2498 impie-

200 2507 275 2569 tatis
306 2512 339 2568 et
364 2504 531 2567 idolatriae
560 2503 712 2566 existunt.
759 2502 836 2566 Ideo
865 2502 949 2566 dicit
971 2505 1142 2586 propheta,

202 2593 416 2672 congaudere
444 2592 636 2672 ignominia,
666 2592 728 2654 hoc
752 2598 815 2668 est,
846 2590 1007 2669 idolatria,
1042 2613 1142 2674 quam

200 2681 378 2760 ignominia
400 2686 433 2743 et
454 2681 601 2742 confusio
623 2679 757 2742 tandem
779 2686 864 2744 certo
894 2681 1053 2759 sequitur,
1084 2683 1143 2746 sed

200 2769 273 2848 quis
297 2770 357 2831 erit
378 2768 476 2829 finis?
520 2768 683 2830 Nimirum
705 2769 749 2845 is,
778 2769 906 2848 dequo
934 2770 1146 2834 concionatur

200 2857 344 2933 Samuel,
372 2859 400 2919 1.
425 2855 510 2919 Sam.
538 2853 625 2918 12.**
672 2859 731 2934 ,Ve
753 2858 799 2919 im
822 2858 921 2920 harea
942 2859 1043 2922 hareu
1067 2880 1142 2940 gam
1235 2939 1237 2942 Ι
1281 2921 1283 2950 2

200 2948 310 3011 athem
333 2967 407 3027 gam
429 2946 631 3008 malkechem
647 2946 787 3027 tisaphu‘
805 2947 833 3008 si
849 2945 935 3027 quod
951 2948 1076 3016 malurn
1093 2955 1144 3013 est

199 3036 347 3112 feceritis,
372 3042 405 3099 et
426 3055 484 3098 vos
506 3038 539 3097 et
560 3054 618 3097 rex
639 3040 744 3097 vester
766 3035 923 3117 peribitis.
1018 3049 1025 3062 ¹

287 3124 380 3187 Idem
402 3125 561 3205 propheta
581 3123 635 3185 hic
658 3123 818 3186 minatur:
842 3123 972 3204 Ligabit
994 3144 1049 3188 eos
1068 3145 1142 3188 ven·

199 3220 251 3277 tus
274 3213 310 3275 in
332 3214 400 3288 alis,
424 3213 486 3275 hoc
508 3219 566 3289 est,
590 3212 638 3274 ira
653 3211 778 3275 domini
793 3217 950 3292 tanquam
965 3213 1143 3278 vehemens

198 3308 314 3366 ventus
338 3301 472 3381 agitabit
494 3307 527 3364 et
545 3301 690 3383 impellet
704 3321 770 3376 vos,
795 3306 828 3363 et
842 3301 1089 3367 confundemini
1105 3304 1142 3366 in

288 3492 479 3561 umalama.
516 3491 545 3559 2)
564 3493 647 3546 Deut.
666 3491 725 3546 32!
762 3492 790 3562 3)
809 3493 884 3548 Psal.
904 3491 947 3546 47.
1010 3524 1015 3532 ·

60 3692 115 3764 ἐς,
288 3687 313 3752 ·)
331 3688 366 3740 In
385 3705 471 3754 marg.
491 3689 552 3744 coll.
572 3689 644 3743 Ien:
664 3689 764 3743 Dente.
778 3688 820 3744 23.
851 3689 892 3755 “l
911 3690 946 3743 In
965 3706 1054 3758 marg.
1074 3689 1137 3745 coll.

61 3767 123 3846 ᾖ.
195 3757 275 3812 lem:
296 3758 319 3809 1.
339 3759 413 3811 Sam.
434 3759 475 3812 12.
