2575 4225
449 260 547 323 Ozeae
571 262 755 343 prophetae.
1028 257 1072 323 85

133 436 260 513 fecerit,
296 436 353 499 sed
380 438 541 517 quomodo
575 438 785 501 distributum
820 436 874 513 sit,
909 442 1069 515 sequetur.

132 525 231 588 Pauci
254 533 492 606 consequuntur
514 527 598 590 hanc
615 528 782 591 vietoriam
797 532 830 588 et
851 525 913 589 hoc
933 524 1015 608 [citet
1036 525 1071 587 in

132 614 236 690 nobis,
260 613 314 679 bat
337 612 390 679 mit
412 613 483 696 sitit
504 615 632 697 intonen
654 614 791 682 inmutet.
837 634 932 677 omne
948 614 1072 677 malum

133 702 264 767 sustulit
287 703 440 767 Christus.

340 800 344 816 ’
509 811 700 875 Consolatio,

223 937 254 998 q.
279 916 310 979 d.
336 938 402 980 non
425 919 530 981 omnis
546 918 767 1000 apprehendet
782 919 878 981 istam
893 916 1070 982 victoriam.

133 1005 178 1068 sio
200 1006 336 1069 Paulus:
361 1008 566 1071 vehementer
588 1008 680 1071 doleo
703 1014 762 1069 eto.

501 1132 699 1208 abscondita,

131 1236 165 1298 id
189 1244 255 1300 est:
281 1238 341 1300 erit
363 1238 409 1301 ibi
432 1258 528 1309 eausa
551 1238 707 1301 tristitiae.
754 1238 814 1301 Pro

567 1363 636 1444 ipse

131 1468 249 1533 melius
273 1468 344 1531 hoo.
462 1539 468 1556 ¹

528 1554 669 1635 fratres,¹

130 1664 164 1726 id
188 1672 253 1738 est;
284 1684 358 1745 pars
386 1665 615 1747 apprehendet,
643 1685 719 1746 pars
746 1686 812 1728 non
841 1665 1070 1748 apprehendet.

130 1754 203 1816 Non
238 1753 362 1817 foetum
396 1760 540 1830 tantum,
580 1754 637 1817 sed
671 1761 704 1817 et
737 1754 878 1818 fructum
912 1756 1073 1836 signifieat

131 1841 218 1922 quod
243 1862 318 1923 pars
341 1842 384 1905 sit
406 1843 565 1907 creditura
588 1850 620 1906 et
642 1863 716 1924 pars
739 1864 805 1906 non
828 1850 887 1909 ete.
912 1879 955 1889 -

347 1967 497 2032 Adducet
519 1974 653 2031 ventum
676 1963 853 2045 urentem,²

131 2074 171 2155 ott
194 2071 295 2153 minti,
318 2092 441 2152 eurum,
474 2094 538 2155 quo
561 2074 659 2138 flante
682 2094 770 2137 mare
793 2074 926 2150 rubrum
950 2074 1070 2139 exinea-

130 2163 186 2226 vit.
234 2162 359 2227 Ailudit
381 2164 444 2226 hue
467 2163 585 2226 Paulus
601 2183 677 2242 oum
693 2162 772 2226 dicit
793 2165 907 2239 mortis
922 2165 1070 2228 aculeum

129 2258 310 2333 peceatum.

541 2341 665 2406 fontem

128 2454 224 2544 voest
245 2447 300 2510 hie
322 2454 491 2530 peecatum
514 2454 573 2511 etc.
597 2483 640 2492 ——

435 2573 579 2635 Ventum
602 2579 759 2650 urentem,

127 2679 162 2741 id
187 2686 253 2742 est:
278 2667 427 2760 spiritum
451 2686 598 2742 sanetum
622 2679 679 2760 qui
694 2679 824 2744 inflabit
844 2679 940 2743 eorda
962 2686 1072 2743 nostra

128 2775 161 2831 et
185 2767 344 2831 exiccabit
365 2768 471 2832 fontes
493 2769 615 2845 mortis,
632 2767 682 2834 tie
704 2768 800 2850 quelle!
823 2770 885 2832 hae
907 2769 1069 2832 medicina

128 2857 264 2919 daturus
284 2862 333 2919 est
352 2851 521 2942 sfflmham]
541 2852 713 2943 s[anotum].
744 2859 850 2921 incer
869 2858 1071 2921 etexiccabit

545 3001 654 3058 venas

128 3087 162 3149 id
187 3092 251 3150 est:
272 3063 460 3185 peceatum..
501 3109 559 3170 pro

522 3211 680 3298 desolabit

128 3295 360 3379 arefaciet'est.
386 3351 428 3362 -
511 3383 513 3388 ¹

168 3405 342 3558 hisidori&
366 3405 537 3470 transferet
559 3406 599 3468 de
615 3427 713 3486 regno
729 3412 861 3470 externo
876 3404 917 3469 ad
933 3425 1068 3486 regnum

218 3669 246 3738 1)
269 3685 296 3723 v.
321 3665 362 3721 15.
399 3667 427 3732 2)
451 3669 588 3738 Insuper:
615 3670 791 3738 siccantem,
816 3668 916 3724 idest
934 3668 1068 3736 spiritum
1184 3659 1190 3668 ’

158 3741 334 3796 stifieantem
352 3739 491 3794 adversus
509 3744 661 3807 peccatum
679 3741 884 3795 condemnans.
