2575 4225
197 230 262 292 328
397 178 400 186 ·
537 228 641 310 Caput
664 235 793 291 sextum

197 406 303 470 acrius
326 425 381 468 eos
403 424 527 485 urgeas,
550 407 646 487 plane
662 407 810 485 negant?
854 405 1059 469 Delectantu‘r
1081 404 1143 486 igi-

197 502 250 558 tur
272 514 382 557 eorum
405 493 537 575 ineptiis
561 500 593 557 et
607 494 760 575 quaesitis
784 494 915 571 cavillis,
939 494 996 575 qui
1018 494 1143 571 volent,

198 604 257 663 ego
279 583 430 662 indignos
452 582 575 659 iudico,
599 603 691 663 quos,
719 602 794 645 oum
817 603 906 646 sacra
928 582 1143 665 explicamus,

199 672 250 736 vel
271 671 490 752 inspiciamus.

287 760 432 823 Primum
454 760 553 840 igitur
566 760 665 823 lector
687 761 741 823 hic
763 759 933 839 diligenter
949 760 1046 823 verba
1068 780 1139 841 pro·

199 850 316 931 phetae
346 849 518 929 ponderet:
564 849 749 913 vivificabit
778 868 853 933 nos,
884 848 1000 929 inquit.
1054 849 1143 926 Ergo

199 938 289 1019 prius
311 938 431 1001 mortui
453 943 546 1015 sunt,
582 944 615 1002 et
636 938 729 1001 addit
750 943 879 1019 tompus
906 942 979 1020 post
1001 936 1141 1000 biduum

199 1026 376 1091 vivificabit
397 1046 469 1103 nos,
499 1032 531 1091 et
552 1026 646 1090 tertia
668 1027 720 1089 dio
743 1026 911 1089 suscitabit
940 1046 1008 1093 nos.
1056 1025 1141 1105 Quo·

199 1114 297 1178 modo
319 1116 471 1179 auteur?
515 1117 686 1193 Nimirum,
709 1121 747 1192 ut
761 1115 908 1179 vivamus
931 1121 1005 1178 ante
1021 1112 1143 1177 faciem

202 1204 280 1281 eius,
303 1204 366 1267 hoc
388 1210 445 1279 est,
469 1205 505 1267 in
527 1206 603 1281 vita,
627 1205 663 1266 in
685 1208 751 1285 qua
771 1204 841 1286 ipse
864 1204 952 1267 vivit.
987 1228 988 1231 ¹
1066 1218 1076 1237 “
1141 1262 1146 1269 .

295 1286 401 1355 1Haec
416 1292 586 1373 diligenter
604 1294 773 1357 aestimata
795 1298 935 1372 arguunt
948 1291 1142 1373 prophetam

201 1380 319 1442 diserte
333 1380 424 1461 loqui
445 1381 487 1443 de
503 1381 622 1445 Christi
644 1382 882 1459 resurrectione,
908 1387 941 1445 et
960 1382 1049 1443 huno
1071 1397 1145 1441 esse

200 1469 317 1545 locum,
342 1488 440 1548 quem
459 1470 577 1532 Paulus
599 1470 708 1533 innuit
733 1472 760 1533 1.
786 1470 854 1533 Cor.
879 1463 938 1533 15²
965 1468 1023 1531 ubi
1045 1466 1140 1531 dicit:

201 1558 386 1619 Resurrexit
401 1557 546 1621 Christus
561 1559 655 1621 tertia
670 1559 723 1622 die
746 1559 923 1622 secundum
939 1558 1143 1639 scripturam.

166 1673 175 1689 ·-
201 1645 274 1707 Non
297 1645 386 1707 enim
409 1647 514 1709 solum
528 1648 634 1727 urgeri
653 1653 771 1729 potest,
796 1648 884 1728 quod
906 1647 986 1709 dicit
999 1651 1074 1726 post
1094 1644 1145 1707 bi-

202 1734 319 1811 duum,
347 1740 381 1799 et
407 1736 501 1799 tertia
529 1736 598 1813 die,
629 1736 687 1799 sed
716 1736 803 1816 quod
832 1736 937 1799 addit:
983 1734 1146 1797 Dominus

202 1823 377 1888 vivificabit
399 1844 473 1902 nos,
506 1831 538 1888 et
559 1826 705 1890 vivemus
729 1845 836 1888 coram
858 1825 946 1905 ipso,
974 1824 1054 1885 haec
1076 1842 1147 1884 non

203 1912 267 1975 nisi
307 1912 349 1975 ad
377 1914 640 1977 resurrectionem
675 1914 778 1977 carnis
813 1920 956 1984 nostrae>
976 1918 1008 1975 et
1041 1912 1146 1976 vitam

203 2007 366 2065 aeternam
387 2003 498 2065 referri
519 2010 664 2085 possunt.

294 2090 356 2153 Sed
383 2092 527 2171 inquies:
566 2093 640 2155 Non
661 2091 804 2172 loquitur
833 2091 873 2154 de
897 2090 1015 2154 Christi
1043 2108 1147 2152 resur·

203 2179 343 2240 rectione
377 2199 434 2243 seu
467 2181 573 2243 reditu
599 2182 635 2243 in
670 2183 772 2244 vitam
800 2187 977 2257 aeternam,
1019 2179 1076 2242 sed
1103 2179 1145 2242 de

205 2360 263 2419 etc.
309 2356 516 2438 Respondeo:
546 2358 618 2420 Hoc
640 2359 750 2440 ipsum
772 2358 914 2420 maxime
937 2357 1074 2437 dignum
1096 2361 1151 2420 est
1275 2349 1278 2368 ⁴

205 2444 434 2509 observatione.
481 2447 629 2510 Ostendit
658 2447 745 2509 enim
775 2447 837 2509 hoc
870 2447 968 2509 modo
1002 2445 1150 2508 fructum
1276 2519 1278 2532 ἲ

205 2535 443 2596 resurrectionis
478 2535 605 2598 Christi.
664 2536 808 2600 Christus
842 2536 930 2597 enim
965 2535 1051 2597 solus
1086 2539 1150 2611 est,
1276 2539 1278 2574 1

207 2621 264 2701 qui
287 2628 361 2702 post
384 2622 523 2684 biduum
544 2623 723 2687 vivificatus
752 2631 815 2700 est,
846 2629 879 2686 et
900 2623 995 2686 tertia
1017 2623 1070 2686 die
1100 2642 1149 2684 re·

208 2710 346 2772 surrexit
383 2729 402 2770 a
439 2705 603 2773 mortuis.³
657 2712 806 2775 Ostendit
842 2718 951 2775 autem
989 2711 1153 2792 propheta
1276 2737 1278 2798 Ι

113 2848 118 2855 .
206 2797 304 2859 huius
326 2799 565 2861 resurrectionis
587 2799 729 2863 fructum
751 2802 793 2864 ad
819 2821 878 2864 nos
901 2819 1029 2880 quoque
1051 2800 1150 2880 perti·

207 2907 292 2949 nere.
338 2888 452 2967 Itaque
484 2888 603 2952 Christi
632 2890 750 2966 vitam,
786 2895 930 2952 nostram
959 2889 1077 2963 vitam,
1115 2893 1154 2950 et

208 2978 277 3040 eius
300 2977 577 3053 resurrectionem,
605 2983 749 3041 nostram
772 2978 1034 3042 resurrectionem
1057 2976 1152 3056 facit,

208 3068 291 3130 sicut
319 3066 466 3146 Apostoli
496 3086 624 3146 quoque
652 3069 770 3144 solent,
807 3067 924 3129 Paulus
953 3065 1072 3129 Coloss.
1104 3059 1146 3125 34

208 3155 287 3218 dicit
308 3174 367 3217 nos
390 3161 546 3231 mortuos,
578 3161 611 3217 et
632 3156 733 3219 vitam
756 3163 899 3218 nostram
922 3175 997 3217 oum
1020 3152 1153 3216 Christo
1277 3197 1278 3206 ,

206 3245 243 3307 in
266 3242 326 3308 deo
349 3243 581 3308 absconditam.
615 3244 656 3305 In
680 3245 783 3325 capite
805 3244 855 3305 15.
879 3243 1002 3326 primae
1026 3242 1068 3304 ad
1092 3241 1152 3306 Co·

297 3419 325 3486 1)
368 3419 462 3473 Locus
499 3419 536 3472 de
570 3417 777 3472 resurrectione
818 3415 927 3470 Christi
971 3421 1000 3470 et
1039 3419 1148 3470 nostra.
1276 3471 1278 3476 ,

207 3488 236 3612 l2)
256 3489 280 3542 1.
292 3489 364 3612 3Cor.
384 3490 426 3543 15.
462 3488 491 3556 3)
511 3487 619 3542 Christi
638 3487 807 3542 resurrectio
826 3492 924 3541 nostra
943 3487 1012 3542 est·
1047 3485 1076 3554 4)
1098 3485 1140 3540 Co

218 3575 272 3614 oss.
311 3601 317 3613 .

297 3700 322 3770 ·)
341 3703 377 3756 In
395 3678 457 3756 coll.
476 3704 536 3758 Ien.
556 3703 637 3758 deest
655 3701 840 3758 vocabulum:
860 3705 911 3754 est.
