2575 4225
432 263 548 323 1⁴5OE
1086 259 1296 339 Caput
1339 259 1625 339 primum

424 439 635 513 iriam,
697 456 843 500 eam
902 436 1286 512 defendunt,
1360 442 1598 515 cogunt
1653 435 1734 498 ad
1794 454 1940 497 eam
1985 434 2299 511 subditoe,

420 546 644 588 sanam
688 525 1047 589 doctrinam
1077 525 1534 606 blasphemant
1577 530 1642 587 et
1685 524 2018 600 damnant,
2065 524 2138 587 in
2183 543 2305 587 nos

420 623 773 679 extremam
827 614 1271 677 crudelitatem
1326 612 1698 693 ubicunque
1759 618 2058 694 possunt,
2132 631 2304 675 exer-

420 715 589 781 rent,
655 704 769 784 qui
826 704 1125 785 cupimus
1183 702 1464 765 ecclesiis
1522 702 1889 766 consultum
1950 708 2017 765 et
2068 700 2308 765 Christi

420 795 496 867 gis
508 795 685 855 1riam
730 793 993 857 salvam.
1085 792 1255 854 Nata
1298 792 1494 871 igitur
1545 791 1782 854 nostris
1826 810 2084 871 quoque
2148 797 2305 854 tem·

424 883 680 963 lim-ibus
730 887 829 945 eet
872 882 985 943 illa
1027 880 1259 943 infelix
1304 882 1396 943 Lo
1426 880 1742 961 Ryhamo.
1836 880 2100 942 Certum
2131 879 2309 942 enim

420 980 544 1047 mat,
629 971 751 1035 etei
822 977 1079 1052 tempus
1139 989 1269 1050 quo
1328 969 1457 1032 ista
1507 969 1667 1031 fient
1682 1018 1695 1045 ,
1790 989 1924 1032 non
1983 968 2305 1045 novimus,

420 1063 614 1121 sis-um
660 1060 1077 1123 Germaniam
1139 1060 1222 1122 ob
1279 1058 1404 1121 hoc
1449 1057 1789 1121 Idolatriae
1833 1062 2176 1139 peccatum
2221 1056 2308 1120 vi-

420 1151 779 1211 sita-turum.
887 1147 1067 1211 Sicut
1135 1148 1332 1211 etiam
1404 1148 1702 1228 exempla
1764 1147 2081 1209 habemus
2157 1152 2310 1209 ante

420 1239 667 1314 mulos,
728 1237 1026 1300 ecclesiae
1070 1236 1526 1317 Aegyptiacae,
1585 1235 1903 1317 Syriacae,
1967 1234 2306 1312 Asiaticae,

420 1331 709 1404 [li-aecae,
737 1332 803 1389 et
816 1346 983 1408 pene
995 1318 1362 1389 Pannoniae
1379 1324 1593 1401 etiam,
1611 1343 1772 1404 quae
1783 1326 1990 1387 Turca
2003 1324 2301 1388 vastavit.

596 1416 948 1496 Oportebat
989 1415 1186 1494 igitur
1242 1415 1413 1477 hanc
1457 1414 1715 1495 piorum
1773 1414 2143 1495 principum
2201 1432 2304 1476 cu-

424 1527 560 1563 ram
615 1524 751 1567 esse
766 1554 779 1580 ,
854 1510 931 1567 ut
988 1509 1483 1584 repurgarentur
1541 1503 1842 1566 ecclesiae
1861 1553 1875 1579 ,
1932 1504 2308 1565 tollerentur

424 1595 476 1651 211
492 1612 687 1669 ausus,
751 1599 816 1655 et
858 1591 993 1656 veri
1050 1593 1259 1656 cultus
1304 1592 1809 1668 instituerentur,
1869 1591 2195 1672 siquidem
2239 1596 2308 1654 et

428 1683 673 1743 hostem
718 1682 942 1763 procul
986 1682 1362 1745 submotum
1416 1687 1480 1745 et
1526 1681 1801 1762 patriam
1855 1701 2000 1744 vere
2059 1681 2304 1743 salvam

424 1771 684 1832 *uf-alunt.⁴
739 1770 908 1831 Nam
939 1770 995 1832 si
1024 1777 1295 1851 pergent
1324 1770 1663 1833 crudeliter
1694 1771 1967 1849 grassari
2011 1770 2082 1831 in
2114 1769 2304 1831 eccle·

424 1859 568 1935 sias,
616 1878 781 1937 quae
811 1859 1081 1922 verbum
1110 1860 1372 1935 habent,
1422 1865 1487 1922 et
1531 1859 1873 1922 defendere
1904 1858 2308 1940 pontificiam

424 1947 801 2024 idolatriam,
847 1947 1136 2011 visitabit
1181 1947 1484 2011 dominus
1530 1948 1877 2028 sanguines
1923 1966 2165 2023 eorum,
2229 1947 2306 2012 si·

424 2043 532 2100 eut
576 2036 768 2114 Ith,
830 2036 902 2099 in
947 2056 1075 2118 quo
1119 2037 1424 2099 horribile
1485 2038 1855 2119 exemplum
1901 2036 2312 2117 magistratui

424 2126 825 2204 propositum
884 2133 980 2190 est
996 2177 1009 2203 ,
1091 2127 1244 2207 quia
1296 2127 1471 2188 enim
1531 2125 1895 2189 idolatriam
1962 2147 2095 2189 non
2149 2130 2307 2208 'pro-

428 2212 655 2289 lii'huit,
712 2215 823 2276 sed
870 2234 985 2279 suo
1031 2216 1328 2297 exemplo
1375 2215 1571 2278 etiam
1617 2215 1908 2278 subditos
1953 2215 2036 2278 ad
2082 2215 2309 2296 impie·

428 2308 623 2364 tatem
652 2302 967 2381 invitavit,
1015 2310 1352 2385 peccatum
1382 2303 1609 2384 populi
1654 2304 1715 2365 ei
1761 2304 1881 2367 soli
1925 2305 2307 2386 imputatur,

428 2392 595 2453 sulus
648 2391 757 2455 hic
810 2412 1106 2473 peccasse
1160 2393 1398 2455 dicitur
1454 2412 1605 2454 cum
1664 2412 1782 2456 sua
1835 2393 2046 2456 domo.
2140 2393 2312 2454 Nam

424 2485 685 2560 peceato.
727 2483 972 2563 populi,
1021 2500 1186 2562 quae
1230 2480 1642 2562 magistratus
1688 2482 2026 2563 prohibere
2071 2482 2310 2562 potuit,

428 2569 829 2648 nmgietratui
880 2572 1306 2651 imputantur.
1398 2571 1615 2650 Atque
1660 2571 1784 2634 hoc
1843 2571 2045 2651 patris
2090 2590 2309 2650 pecca-

434 2668 568 2720 {nm
615 2660 811 2721 etiam
865 2659 985 2720 filii
1028 2665 1175 2740 post
1220 2665 1519 2740 quartam
1573 2660 2052 2739 generationem
2095 2660 2310 2736 luunt,

424 2747 778 2810 ,seeundum
824 2748 1210 2811 sententiam
1255 2748 1450 2829 primi
1495 2749 1838 2829 praecepti.

600 2836 726 2898 Sed
772 2855 972 2916 quam
1017 2856 1256 2917 paucos
1286 2837 1490 2916 Reges
1536 2843 1711 2900 totus
1757 2837 1927 2900 orbis
1973 2842 2309 2914 terrarum,

431 2944 624 3000 quam
669 2944 909 3007 paucos
955 2926 1279 3007 principes
1327 2926 1676 2989 Germania
1717 2927 1934 3002 habet,
1985 2924 2099 3005 qui
2146 2926 2313 2990 serio

428 3032 496 3072 ro
504 3016 709 3092 gitant
764 3014 845 3077 de
906 3015 1277 3096 posteritate
1337 3034 1472 3078 sua.
1587 3014 1766 3078 Sicut
1821 3015 2018 3095 igitur
2076 3015 2312 3079 domus
2413 3082 2420 3086 .

432 3100 620 3162 Israel
666 3102 786 3165 sub
818 3104 1146 3167 fortunato
1191 3123 1338 3184 rege
1367 3104 1700 3167 Ierobeam
1743 3104 1863 3166 has
1908 3104 2120 3167 minas
2167 3124 2311 3168 con·

428 3196 488 3248 ts
496 3188 773 3266 mnebat,
821 3192 915 3254 ita
945 3198 1370 3256 contemnunt
1395 3193 1555 3255 haec
1585 3193 1926 3273 principes.
1977 3193 2103 3255 Sed
2133 3192 2314 3257 furor

428 3275 677 3339 [hmini
722 3298 853 3341 non
898 3279 1175 3344 dormiet
1190 3331 1205 3358 ,
1253 3281 1625 3353 exardescet
1669 3281 1740 3342 in
1783 3281 1980 3358 brevi,
2039 3288 2105 3345 et
2147 3284 2312 3363 peri-

432 3368 594 3428 bunt
649 3373 1015 3448 peccatores
1073 3369 1285 3432 subito
1301 3420 1315 3447 ‚
1379 3371 1545 3433 sicut
1589 3369 1909 3432 secundus
1964 3369 2284 3452 psalmue¹

428 3474 682 3534 quoque
728 3457 985 3538 regibus
1032 3463 1098 3520 et
1139 3460 1396 3539 populis
1441 3459 1743 3535 minatur,
1801 3458 1916 3538 qui
1958 3459 2169 3521 filium
2217 3477 2258 3519 o

432 3543 643 3620 culari,
676 3546 800 3609 hoc
823 3553 937 3623 eet,
972 3548 1240 3611 verbum
1264 3548 1403 3612 eius
1428 3548 1731 3629 amplecti
1755 3552 1820 3610 et
1843 3548 2028 3628 eequi
2051 3549 2274 3612 nolum

605 3736 660 3804 1)
698 3738 893 3793 Psalm
926 3739 975 3793 2.
