2575 4225
205 245 248 306 92
553 203 790 325 Prolegomena.

293 420 402 483 Editio
429 441 599 507 nunquam
626 422 763 504 repetita
796 428 853 484 666.
907 420 1145 484 commentatio

203 529 263 571 nec
285 510 322 571 in
344 510 662 590 Vuittembergenses
684 531 744 573 nec
766 510 801 572 in
829 510 980 572 lenenses
1009 529 1144 591 operum

204 598 336 661 Lutheri
358 598 532 662 latinorum
555 604 660 663 tomos
682 604 810 680 recepta
831 604 889 662 est.
935 599 1001 660 Nos
1024 598 1102 662 inde
1125 618 1148 660 6

204 691 347 767 tempore
362 686 495 750 Lutheri
518 687 615 768 primi
630 694 818 751 contextum
840 687 938 750 huius
961 687 1144 768 praelectio·
1274 709 1280 736 ¹

205 775 255 836 nis
278 775 365 856 typis
388 776 563 839 reddimus.
1217 840 1222 846 .

294 864 484 928 Germanice
495 885 605 930 versus
618 864 844 928 tantummodo
860 866 948 947 apud
959 865 1145 932 Walchium

203 952 383 1030 invenitur,
419 955 476 1034 qui
509 955 593 1016 inter
620 974 731 1017 omnes
758 955 883 1035 primus
916 955 952 1016 in
980 955 1149 1036 exemplar

204 1041 358 1104 nimirum
391 1043 591 1106 rarissimum
630 1043 781 1106 incidisse
821 1043 958 1108 videtur.
1015 1044 1056 1105 In
1091 1063 1145 1106 no·

204 1132 272 1192 tula
301 1131 405 1212 priore
434 1133 576 1213 pagellae
608 1134 659 1195 16.
692 1133 773 1195 tomi
807 1133 863 1194 VI.
903 1132 941 1194 D.
977 1131 1147 1195 Walchius

204 1221 311 1296 affert,
348 1240 380 1282 se
409 1221 506 1283 huius
532 1220 633 1283 libelli
662 1221 812 1284 notitiam
841 1221 972 1283 nonnisi
999 1240 1040 1282 cx
1062 1225 1145 1283 'cata-

204 1308 277 1387 logo
321 1308 534 1371 bibliothecae
578 1309 777 1372 celeberrimi
818 1309 960 1390 theologi
1002 1308 1146 1372 Gothani

206 1397 244 1457 D.
280 1396 408 1458 Ernesti
442 1396 620 1460 Salomonis
655 1397 808 1479 Cypriani
841 1420 873 1479 p.
902 1395 977 1461 741.
1013 1403 1147 1460 nactum

207 1504 289 1560 esse,
325 1505 384 1546 nec
418 1506 484 1548 non
518 1487 703 1567 exemplum
739 1487 820 1548 illud
849 1486 950 1550 libelli
983 1487 1149 1567 integrum

207 1573 408 1653 aprriano
439 1575 593 1656 adeptum
616 1595 702 1651 esse,
747 1576 838 1638 cuius
866 1581 1066 1639 'contextum
1100 1575 1145 1636 M.

205 1662 342 1724 Ioannes
387 1663 574 1745 Gottgetreu
618 1665 734 1728 Miiller
771 1665 806 1728 in
842 1664 988 1744 linguam
1027 1683 1149 1744 germa-

206 1749 314 1812 nicam
337 1754 509 1816 transtulit.
555 1754 686 1833 Legitur
708 1753 744 1816 in
766 1759 854 1817 tomo
877 1753 933 1815 VI.
951 1753 1151 1816 collectionis

206 1839 415 1903 Walchianae
439 1862 470 1922 p.
498 1840 727 1904 1497-1549.
760 1842 931 1922 Inscriptio
960 1841 1147 1906 116166161-

206 1928 305 1991 sionis
327 1929 407 1991 haec
430 1937 494 1993 est:

571 2054 782 2139 6166666661

439 2144 508 2209 tter
530 2145 581 2210 661
603 2144 762 2226 &epictet
784 2144 916 2231 poleam.

309 2244 365 2297 1611
387 2230 441 2299 illl.
465 2231 582 2314 1166616
606 2240 790 2317 1616616661
812 2248 846 2316 pt
868 2231 1043 2314 1616666661

572 2320 657 2387 llam
683 2322 779 2387 1526.

432 2408 530 2491 661661
552 2409 601 2477 tna
624 2408 762 2493 1661611116
784 2410 921 2493 tholeta

635 2513 701 2565 666

404 2585 458 2655 aa.
480 2588 600 2675 3666611
624 2585 794 2672 (bongeias
817 2585 941 2661 11661166.

296 2727 419 2791 Eodem
433 2729 503 2792 loco
519 2731 639 2794 scilicet
659 2732 695 2793 in
709 2729 956 2810 Prolegomenis
962 2729 1004 2792 ad
1019 2737 1148 2793 tornum

206 2817 262 2879 VI.
298 2818 418 2881 collect
395 2818 491 2881 tronis
526 2838 617 2895 suae,
653 2840 684 2901 p.
720 2821 771 2882 16.
818 2820 856 2881 D.
892 2818 1059 2882 Walchius
1098 2839 1147 2883 co

205 2906 327 2988 piosius
368 2905 408 2969 de
449 2913 558 2970 nostra
596 2907 801 2971 commentat
778 2914 865 2971 61666
903 2907 1041 2971 disserit.
1099 2908 1148 2969 De

204 2996 341 3059 verbis'
332 2996 435 3077 ipsius
459 2976 505 3058 66
513 2996 633 3059 iudicio
656 2997 765 3059 1111666
793 3002 886 3059 acuto
913 3003 1009 3077 atque
1034 3002 1147 3076 arguto

205 3084 349 3146 conferas
377 3104 431 3162 ea,
463 3105 545 3165 quae
574 3085 610 3147 in
639 3084 875 3165 Prolegomenis
903 3084 945 3147 ad
973 3085 1090 3149 Oseam
1120 3085 1146 3147 1.

205 3172 271 3234 iam
294 3173 418 3254 prolata
440 3182 525 3238 sunt.

293 3261 333 3323 In
366 3260 430 3324 illis
459 3263 692 3343 prolegomenis
727 3261 768 3325 ad
796 3262 912 3325 Oseam
935 3262 960 3324 Ι.
990 3280 1030 3324 ex
1058 3268 1147 3325 auto·

204 3350 326 3432 grapho
360 3350 521 3413 Rothiano
550 3352 730 3431 Cygneensi
764 3350 973 3432 desumptum
1008 3370 1146 3439 comme·

3 3458 10 3473 ·
202 3440 335 3515 moravi,
359 3440 397 3501 D.
415 3439 599 3501 Walchium
615 3459 743 3517 errasse,
769 3460 871 3521 quum
886 3440 1037 3520 opinatus
1052 3444 1152 3516 esset*

7 3549 9 3552 ·
134 3583 135 3586 ,
203 3528 381 3590 Lotherum
409 3528 525 3591 Oseam
553 3530 746 3610 prophetam
776 3548 862 3591 anno
891 3528 1079 3591 MDXXVI.
1111 3530 1147 3591 in

3 3654 9 3676 s
204 3615 321 3678 scholis
349 3616 488 3697 puhlicis
518 3617 875 3697 Vuittembergensibus
911 3616 1152 3698 611111611611666,Δ

203 3703 515 3786 praelectionemque
538 3707 651 3770 eodem
667 3726 753 3768 anno
772 3706 807 3768 111
822 3705 928 3769 lucem
943 3703 1147 3786 produxisse.
