2575 4225
453 244 580 307 Hoseae
603 246 787 328 prophetae.
1026 248 1088 316 187

238 422 334 485 Hanc
361 421 555 486 sententiam
582 423 652 505 ipse
679 424 837 506 propheta
865 425 1018 503 ostendit,
1051 427 1088 489 si·

148 510 284 591 quidem
307 510 438 575 subiicit
467 510 509 573 de
534 511 705 577 visitandis
734 515 947 595 sanguinibus
974 514 1089 579 domus

148 601 246 678 Iehu,
279 607 312 664 et
345 599 517 665 evertendo
545 620 644 681 regno
671 602 779 665 Israel.
826 604 889 667 Sed
916 604 1090 667 offundunt

148 689 226 753 huic
260 709 395 771 quoque
423 690 492 753 loco
526 691 632 754 variae
666 690 880 773 interpretum
913 694 1090 757 sententiae

148 779 330 860 caliginem.
376 778 461 853 Quia
482 778 571 841 enim
592 778 727 843 historia
749 780 852 857 docet,
876 781 958 845 Iehu
977 783 1090 845 ambos

147 888 238 949 reges
260 868 345 931 Iuda
367 874 400 930 et
421 868 521 930 Israel
547 868 730 945 sustulisse,
762 889 800 932 ac
829 869 945 933 deinde
974 871 1010 934 in
1037 892 1089 952 po

148 958 327 1021 steritatem
349 956 445 1039 impii
466 956 550 1037 regis
571 958 667 1020 Ahab
697 963 730 1020 et
755 958 791 1021 in
817 960 990 1041 prophetas
1013 961 1091 1022 Baal

148 1046 257 1126 gladio
280 1051 461 1126 grassatum
484 1065 562 1123 esse,
586 1052 705 1127 putant
727 1046 861 1126 quidam
883 1048 945 1111 hoc
965 1049 1034 1112 loco
1049 1048 1090 1111 de

147 1136 212 1199 illis
235 1135 389 1199 caedibus
411 1135 604 1216 prophetam
625 1135 726 1214 loqui.
772 1135 888 1199 Statim
910 1137 1009 1216 igitur
1031 1136 1089 1199 dif-

148 1224 277 1287 ficultas
299 1224 451 1300 nascitur,
476 1242 533 1286 cur
554 1223 634 1286 deus
657 1224 719 1287 hoc
741 1224 776 1286 in
791 1225 860 1288 loco
875 1245 1015 1306 poenam
1033 1225 1089 1287 mi·

148 1320 245 1376 netur
266 1313 447 1394 posteritati
462 1313 552 1389 Iehu,
576 1312 618 1375 ob
635 1314 775 1382 effirsum
791 1315 991 1395 sanguinem,
1015 1333 1090 1377 cum

148 1408 261 1465 tamen
290 1407 324 1465 et
350 1402 464 1483 probet
491 1400 615 1464 factum
636 1398 737 1465 Iehul
765 1401 863 1479 deus,
891 1410 924 1466 et
952 1403 1026 1467 ideo
1055 1404 1091 1466 in

148 1496 300 1571 quartam
323 1490 562 1571 generationem
585 1491 616 1553 ei
637 1492 806 1573 promittat
827 1512 964 1573 regnum
981 1493 1089 1568 Israel,

148 1587 307 1661 tanquam
335 1580 497 1661 premium
526 1580 573 1643 rei
601 1581 684 1643 bene
704 1586 842 1661 gestae,
877 1601 915 1645 ac
948 1581 1090 1664 profecto

148 1669 286 1732 nonita
308 1669 401 1732 facile
416 1674 466 1731 est
479 1667 559 1732 haec
582 1669 760 1732 conciliare.
805 1671 879 1733 Non
901 1670 989 1733 enirn
1004 1669 1091 1733 cadit

148 1758 185 1821 in
207 1757 308 1821 deum
330 1758 386 1820 illa
407 1758 632 1835 inconstantia,
657 1763 695 1821 ut
717 1758 805 1837 quod
828 1760 927 1821 semel
944 1758 1091 1839 probavit

150 1866 261 1911 mrsus
284 1848 455 1929 improbet.

239 1936 427 1999 Statuamus
449 1936 547 2016 igitur
568 1935 651 1997 Iehu
673 1956 739 1999 non
762 1955 922 2017 peccasse,
951 1955 1027 1998 cum
1050 1956 1090 1998 ex

10 2089 14 2102 ,
85 2048 90 2057 ’
148 2025 306 2089 mandato
329 2024 383 2087 dei
403 2026 439 2087 in
467 2024 587 2106 impios
614 2044 704 2104 reges
734 2030 766 2087 et
793 2025 1013 2106 posteritatem
1041 2044 1089 2087 eo

149 2137 239 2192 rum,
272 2115 390 2178 deinde
417 2116 517 2178 etiam
545 2114 581 2177 in
612 2114 793 2178 sacerdotes
822 2115 901 2177 Baal
929 2121 1089 2195 grassatus

148 2211 214 2282 est,
250 2225 317 2268 non
351 2205 438 2266 enim
472 2223 548 2267 cum
580 2203 644 2266 ista
673 2203 804 2281 faceret,
840 2204 983 2285 privatus
1016 2204 1088 2282 fuit,

148 2314 227 2356 nam
258 2300 291 2356 et
317 2298 435 2361 unctus
464 2293 554 2374 prius
585 2293 621 2354 in
650 2313 759 2372 regem
787 2299 855 2356 erat
881 2313 901 2354 a
922 2293 1089 2376 propheta,

148 2393 181 2446 et
203 2383 394 2445 acclamavit
415 2383 446 2444 ei
469 2382 617 2463 populus.
658 2383 700 2444 Et
723 2382 846 2444 aceedit
868 2381 910 2442 ad
929 2381 1009 2444 haec
1024 2401 1091 2444 non

150 2473 257 2534 solum
279 2471 471 2534 mandatum
494 2470 619 2533 domini
641 2489 698 2551 per
724 2471 932 2552 prophetam,
963 2475 1001 2532 ut
1029 2469 1092 2532 ista

150 2560 264 2637 faciat,
301 2560 359 2622 sed
393 2559 544 2623 dominus
578 2554 702 2622 factum
737 2559 835 2621 etiam
869 2559 993 2640 probat.
1040 2557 1091 2620 Sic

150 2649 241 2712 enim
264 2647 357 2711 dicit:
382 2649 466 2722 Quia
488 2648 630 2711 studiose
654 2648 757 2727 egisti,
781 2647 869 2728 quod
884 2653 1008 2710 rectum
1024 2651 1092 2710 erat

150 2744 183 2801 et
212 2738 362 2819 placebat
388 2738 424 2798 in
452 2737 553 2800 cerdis
580 2737 677 2813 meis,
710 2743 742 2800 et
765 2738 874 2799 omnia
896 2757 978 2816 quae
1001 2742 1092 2798 erant

151 2827 186 2889 in
209 2826 305 2890 corde
327 2845 401 2888 meo
423 2825 529 2889 fecisti
551 2832 663 2890 contra
685 2825 819 2889 domum
841 2825 946 2901 Ahab,
970 2825 1029 2886 filii
1043 2824 1092 2887 tui

150 2935 255 2995 usque
285 2915 321 2978 in
355 2921 504 2994 quartam
533 2913 771 2994 generationem
800 2914 964 2982 ,sedebunt
996 2932 1092 2994 super

151 3005 307 3067 thronum
329 3005 437 3066 Israel.

156 3175 278 3296 ’Quod
301 3182 400 3261 igitur
428 3185 596 3263 peccatum
619 3180 700 3242 Iehu
729 3184 791 3255 est,
823 3199 880 3242 eeu
908 3179 989 3258 quid
1017 3184 1092 3242 sunt

235 3271 409 3350 sanguines
436 3270 506 3346 isti,
537 3289 618 3350 quos
656 3268 808 3331 dominus
835 3287 932 3349 super
958 3267 1092 3331 domum

173 3360 233 3422 ehu
261 3380 295 3422 se
323 3359 529 3422 visitaturum
556 3358 658 3421 dicit?
695 3357 855 3419 Nimirum
888 3356 977 3418 aliud
1010 3355 1093 3417 nihil

161 3468 253 3526 ruam
276 3448 365 3528 quod
388 3449 499 3510 statim
529 3446 665 3510 historia
692 3466 805 3526 regum
836 3444 1016 3524 subiungit,
1047 3444 1092 3506 sic

165 3536 280 3600 icens:
316 3537 414 3600 Porro
436 3537 518 3599 Iehu
540 3556 606 3599 non
629 3535 819 3610 custodivit,
847 3540 885 3597 ut
914 3533 1093 3596 ambularet

243 3728 271 3796 1)
288 3729 362 3784 Iehu
380 3729 456 3783 ultor
473 3729 668 3784 idolatrarum.
698 3727 727 3794 2)
740 3728 891 3781 Peccatum
909 3723 982 3778 Iehu
1000 3723 1091 3791 quale.
