2575 4225
446 243 546 307 Oreas
569 245 753 327 prophetae.
1027 246 1069 311 59

244 504 251 511 .
391 419 434 485 Et
456 421 689 503 speculatorem
710 428 782 497 eta,

126 526 165 589 id
192 532 260 591 est:
294 527 492 606 eognosestis
519 530 573 593 but
599 526 638 609 itt
665 527 710 596 rin
736 527 838 610 rihtet
863 529 981 610 mutiet
1009 528 1070 600 ua

510 689 687 769 Laqueum,
769 759 775 768 ,

125 793 162 855 id
185 800 250 858 est:
282 813 380 873 quem
402 794 528 859 habetis
552 817 609 877 pro
632 796 748 877 laqueo
770 817 847 879 prae
869 796 971 861 nimio
993 798 1069 863 odio

126 882 217 962 quod
229 883 349 953 fuerim
360 883 493 964 laqueus
506 884 596 947 vobis
608 884 642 947 in
655 886 805 949 omnibus
813 886 874 951 viis
882 887 995 950 vestris
1008 892 1069 951 ato.

124 971 174 1033 De
191 991 298 1053 poena
318 972 372 1035 hie
387 972 513 1049 dieitur,
538 994 605 1037 non
620 974 723 1055 eulpa.
762 976 846 1039 Item
866 977 1067 1057 prophetam,

127 1080 195 1122 non
218 1060 386 1143 propheta.
569 1122 574 1131 ,
713 1064 717 1073 '

518 1186 520 1191 '
549 1186 637 1263 llius,

124 1291 249 1355 scilieet
260 1293 445 1374 prophetae.
481 1294 657 1370 Insaniam,
674 1295 725 1357 vel
740 1294 853 1358 odistis
865 1296 1066 1376 prophetam.

549 1454 636 1531 Eius,

0 1588 1 1591 ¹
125 1557 250 1621 seilicet
273 1560 394 1641 populi.
441 1560 530 1621 Haee
554 1567 602 1623 est
625 1582 761 1624 summa.
808 1562 849 1624 ln
868 1563 921 1625 die
937 1564 1067 1627 visitati-

125 1647 199 1710 onis
223 1653 347 1710 vestrae
370 1653 438 1713 mett
459 1646 519 1729 {ihr
542 1648 680 1727 mamm,
704 1651 777 1731 quis
800 1650 918 1714 fuerim
941 1658 999 1715 eto.
1024 1688 1067 1699 -

366 1807 527 1871 Profunda
551 1803 812 1894 peeca[verant]:¹

124 1914 177 1976 vel
205 1915 266 1976 sie:
299 1912 377 1976 adeo
405 1914 564 1995 profunde
594 1916 804 1996 perdiderunt
832 1937 867 1979 se
895 1938 925 1996 q.
951 1918 981 1979 d.
1011 1939 1067 1981 vos

124 2002 234 2065 fuistis
257 2000 294 2080 fio
317 2000 449 2066 rebelles
471 2009 509 2066 ut
528 2004 583 2084 pio
599 2006 775 2085 prophetae
798 2005 986 2069 restiteritis.
1022 2005 1067 2068 di·

125 2112 210 2172 gnus
234 2092 298 2157 fuit
321 2113 438 2168 amore,
462 2114 519 2158 vos
535 2092 658 2157 odistis.
705 2092 805 2158 voluit
820 2113 876 2159 vos
897 2094 1065 2178 explicare,

0 2186 4 2195 '
124 2181 280 2262 laqueum
303 2182 424 2246 voeatis
447 2189 505 2247 eto.

537 2308 657 2384 Gabaa,
767 2294 773 2326 ²

124 2418 204 2476 nota
237 2412 408 2476 historiam
438 2414 478 2477 de
509 2414 642 2476 muliere
670 2416 785 2479 levitae
814 2422 974 2497 stuprata:
1006 2421 1065 2479 eto.

124 2501 166 2564 In
194 2501 362 2566 Iudieum:
397 2503 460 2566 hoe
488 2510 536 2566 est
566 2504 726 2584 profunde
753 2523 884 2584 peceare
914 2505 972 2567 ubi
1002 2524 1067 2566 non

123 2591 297 2654 infirmitas
321 2598 392 2671 aut
416 2611 516 2667 error,
553 2591 609 2654 sed
644 2593 703 2655 ubi
730 2613 820 2654 mera
847 2599 897 2656 est
931 2592 1064 2655 malitia.

123 2680 305 2761 Prophetae
329 2681 430 2743 citant
451 2681 601 2743 historias
622 2689 659 2743 ut
674 2682 752 2744 Esa:
776 2681 989 2746 Sodomorum
1004 2689 1063 2746 ato.

123 2768 348 2831 Defenderunt
370 2776 539 2850 peecatum
561 2770 760 2833 Gabaonitae
783 2777 841 2834 eto.

222 2977 225 2986 .
247 2906 249 2912 ἲ
380 2929 484 3002 Quare
507 2931 726 2994 recordabitur
748 2937 806 2994 ete.

215 3033 268 3100 itu
290 3033 356 3100 mitt
378 3051 408 3100 er
430 3034 496 3117 ouri)
518 3035 661 3112 tramea,
693 3058 723 3116 q.
749 3036 780 3098 d⁴
813 3033 917 3116 tome
944 3034 986 3117 att
1012 3035 1066 3100 toa

123 3122 245 3206 etcum&
279 3129 337 3188 ete.
392 3124 471 3187 deus
505 3125 653 3207 permisit
686 3125 864 3187 maximam
897 3124 1065 3187 victoriam

123 3231 223 3295 super
245 3212 383 3288 Israhel,
408 3233 506 3294 quare
528 3209 697 3296 permisit?
724 3220 762 3277 ut
783 3213 1011 3278 indurarentur
1034 3219 1066 3275 et

57 3337 62 3352 ·
122 3302 330 3372 superbirent
352 3302 551 3366 Gabaonitae
573 3309 606 3366 et
628 3303 734 3366 inflati
756 3309 864 3366 essent
886 3310 943 3367 ete.

367 3475 371 3482 ·
441 3463 542 3537 Quasi
565 3481 643 3526 uvas
667 3456 746 3526 eto.8
791 3479 794 3485 ·

213 3569 389 3650 Comparat
426 3569 508 3632 filios
542 3569 703 3669 patribus,
727 3567 859 3652 ‘repetit
897 3567 1066 3632 historiam

213 3746 241 3814 1)
260 3759 288 3800 v.·
308 3743 333 3797 9.
370 3743 398 3809 2)
409 3761 442 3808 ,v.
463 3743 505 3797 10.
