2575 4225
481 278 580 341 Oreae
603 279 788 361 prophetae.
1060 280 1103 343 35

166 473 239 520 vera
261 452 392 529 dixisse,
417 455 556 518 sentient
578 454 786 536 experientia,
810 456 898 536 quod
921 476 1018 521 verax
1040 458 1103 520 sim

165 543 200 605 in
222 543 327 608 verbis
350 541 440 619 meis,
464 541 503 623 id)
526 541 577 611 au
598 542 643 609 titt
664 542 744 626 mah!
765 543 839 624 itud)
861 543 960 625 huben.
1045 641 1053 646 ἡ

487 684 577 747 Facti
600 693 677 749 sunt
699 681 777 749 etc.¹

252 790 323 853 Iam
347 790 388 852 de
410 790 501 853 Iuda.

516 933 599 995 sicut
622 952 751 1012 aquam,

163 1036 197 1099 id
221 1044 285 1099 est:
309 1038 537 1119 copiosissime.

522 1182 743 1257 Assumentes‚

162 1285 196 1348 id
231 1293 295 1349 est:
331 1286 567 1349 transferentes.
616 1287 699 1349 Vide
732 1288 840 1351 locum
872 1288 904 1355 tr
933 1289 1001 1369 bet,
1036 1312 1102 1357 non

161 1375 400 1438 transferendos
416 1376 570 1438 terminos
585 1376 766 1453 viduarum,
783 1376 835 1443 batt
849 1378 951 1461 gemm
965 1378 1102 1459 medient

161 1464 260 1528 vicini
287 1478 388 1547 rupem
411 1470 469 1527 etc
521 1464 730 1529 Dissidebant
757 1466 887 1547 capitali
917 1468 991 1531 odic
1020 1469 1103 1532 Iuda

162 1559 194 1615 et
216 1553 347 1629 Israhel,
379 1552 507 1616 assidue
530 1554 730 1635 pugnabant,
753 1555 855 1619 voluit
876 1556 959 1618 Iuda
980 1557 1102 1621 Israhel

160 1641 253 1722 perdi
288 1641 446 1705 funditus.
503 1643 545 1705 In
578 1662 675 1706 causa
703 1644 835 1707 fuerunt
861 1646 991 1708 termini
1019 1666 1101 1727 quos

161 1748 249 1793 nunc
273 1736 509 1813 occupaverunt
530 1731 575 1807 hi,
600 1751 687 1794 nunc
710 1732 758 1793 illi
780 1739 838 1795 etc.
863 1740 901 1797 ut
915 1754 1002 1796 nunc
1016 1736 1100 1816 prin·

163 1820 249 1901 cipes
273 1820 374 1882 nostri
396 1818 489 1902 higen
512 1819 576 1886 tmb
600 1821 667 1887 taut
688 1821 745 1887 tub
767 1820 825 1886 [etti
847 1829 905 1885 etc.

537 1980 723 2055 Effundam,

162 2084 198 2166 ste
212 2083 298 2167 [alien
313 2084 379 2170 rua
400 2084 523 2170 innuen.
541 2121 584 2132 —
600 2086 659 2151 Est
674 2106 740 2148 una
755 2086 929 2152 diffinitiva
944 2089 1103 2152 sententia
1118 2081 1121 2085 ’

164 2174 202 2237 de
226 2174 310 2238 Iuda
332 2182 365 2238 et
386 2175 508 2238 Israhel
531 2183 589 2239 etc.

477 2334 681 2434 Calumniam
704 2330 782 2398 etc.²
886 2324 899 2340 ⁴
958 2387 961 2395 .

251 2440 502 2520 Intelligendum
525 2441 652 2505 videtur
673 2442 714 2504 de
730 2442 851 2524 populo
866 2443 902 2503 in
918 2441 1102 2522 captivitate

164 2529 280 2592 constit
266 2534 345 2604 tuto
362 2528 442 2609 quid
457 2529 522 2591 illic
538 2550 651 2612 passus
667 2530 718 2592 sit
747 2531 886 2594 Involvit
900 2531 966 2592 iam
981 2535 1101 2592 utrum·

164 2635 225 2697 que
248 2612 484 2698 populum-
441 2617 637 2683 -Oertum
666 2626 715 2682 est
744 2618 832 2699 quod
861 2618 945 2682 male
975 2621 1102 2682 tractati

163 2712 240 2768 sunt
261 2712 299 2768 ut
317 2707 487 2787 peregrini.
534 2707 737 2770 Calumniam
759 2706 828 2788 uiui
850 2723 919 2773 utcu
933 2705 1030 2785 [cibet
1054 2714 1105 2825 est

164 2794 329 2875 expositus
352 2795 509 2877 Ephraim
532 2796 573 2859 ad
596 2797 774 2860 calumnias
797 2797 952 2859 omnium.

566 2957 697 3032 fractus,

163 3061 198 3123 id
214 3068 275 3124 est:
301 3061 438 3137 collisus,
462 3061 497 3123 id
513 3067 575 3124 est:
591 3063 683 3125 cuius
698 3061 855 3124 iudicium
871 3080 965 3122 nemo
981 3060 1103 3124 iudicat

164 3151 262 3214 etiam
286 3150 314 3213 si
337 3151 436 3214 habet
457 3151 576 3212 iustam
600 3170 745 3225 causam,
769 3147 839 3228 atui
861 3147 908 3230 ebt
929 3165 977 3230 acu
999 3148 1102 3231 [tulius

164 3239 282 3318 metten,
316 3245 354 3303 ut
369 3259 456 3302 nunc
471 3239 508 3301 fit
522 3259 596 3302 cum
612 3238 817 3321 pauperibus,
846 3239 943 3300 etiam
958 3239 994 3300 in
1009 3239 1102 3302 iustIs

165 3347 281 3391 nnusis.
307 3363 349 3372 -

447 3461 608 3544 Quoniam
631 3469 738 3551 coepit
760 3474 818 3530 etc.

254 3575 332 3657 quia
354 3571 459 3658 coepit
481 3577 568 3640 abire
589 3583 663 3658 post
678 3579 894 3656 praeceptum,
919 3573 964 3637 sic
978 3573 1099 3649 Iudaei,

256 3748 284 3818 1)
302 3766 328 3806 v.
349 3749 392 3803 10.
430 3750 459 3818 2)
477 3767 503 3808 v.
523 3749 565 3804 11.

902 3836 941 3888 32
