2575 4225
324 1171 398 1253 ἸΝ
426 1174 578 1253 OZEAE
603 1172 938 1280 ΡΒΟΡΗΕΤΙΑΜ

436 1296 556 1377 DOO:
583 1300 708 1375 MAR:
735 1299 819 1377 LU:

471 1614 583 1701 caput
603 1616 778 1686 Primum.

470 1783 615 1845 Verbum
637 1781 772 1845 domini.

246 1888 367 1953 Notum
401 1894 450 1952 est
481 1889 571 1951 hune
608 1904 732 1952 morem
766 1908 834 1952 esse
868 1888 1024 1952 Hebraeis
1062 1896 1095 1953 et

155 1978 324 2065 prophetis
348 1976 445 2041 ordiri
458 1977 556 2040 libros
571 1997 591 2039 a
605 1978 718 2041 titulis.
765 1976 897 2060 Semper
919 1977 1095 2041 annunciat

154 2066 238 2133 deus
268 2066 509 2150 poenitentiam,
533 2064 723 2149 priusquam
737 2066 846 2130 veniat
860 2066 908 2130 ira
922 2066 1034 2150 ipsius,
1057 2074 1096 2131 ut

159 2159 197 2220 in
220 2157 301 2222 Iona
315 2155 357 2220 ad
378 2155 548 2234 Ninivitas,
571 2156 607 2218 in
630 2155 757 2219 Christo
772 2155 814 2218 ad
828 2155 965 2220 Iudaeos
987 2155 1095 2221 videre

143 2247 243 2310 iicet.
289 2245 353 2310 Hie
368 2252 476 2310 autem
490 2246 650 2328 propheta
664 2243 796 2308 ridicule
812 2245 936 2308 orditur
950 2245 1093 2322 verbum,

157 2335 259 2398 etiam
281 2340 435 2417 tempore,
459 2354 523 2415 quo
546 2335 689 2397 maxime
712 2333 772 2397 sub
788 2334 984 2397 Hieroboam
1006 2333 1094 2397 flore·

154 2425 225 2501 bat,
248 2425 460 2488 incrassatum
482 2429 515 2486 ei
537 2423 778 2504 impinguatum
793 2442 928 2502 regnum
943 2423 1041 2486 Israel
1063 2430 1096 2486 et

155 2513 305 2595 putarint
326 2513 442 2576 Ozeam
464 2512 614 2576 insanire.
663 2512 705 2575 Et
726 2517 890 2594 praeterea
911 2512 1021 2575 verba:

440 2672 549 2754 aocipe
572 2691 708 2735 uxorem
730 2678 800 2748 eto,

157 2779 297 2843 stultitia
311 2786 396 2856 suni,
412 2778 554 2841 maxime
577 2778 612 2841 in
635 2779 756 2860 populo
779 2784 847 2840 tam
867 2778 962 2841 doato
977 2783 1010 2840 et
1023 2795 1095 2858 pru·

157 2868 260 2931 denti.
306 2869 379 2932 Non
409 2867 561 2944 dubium,
591 2868 673 2948 quin
700 2886 758 2949 pro
781 2865 879 2930 stulto
901 2865 1032 2928 habitus
1055 2866 1098 2931 sit

156 2964 192 3020 et
213 2977 272 3038 pro
294 2956 462 3020 haeretico.
498 2955 560 3019 Sed
575 2955 656 3018 haec
678 2959 727 3019 est
746 2954 836 3019 verbi
851 2961 976 3030 natura,
1000 2956 1097 3018 stulte

119 3043 122 3050 ’
157 3045 280 3110 seilicet
302 3065 393 3126 agere
409 3065 484 3108 oum
499 3043 755 3126 sapientissimis,
779 3043 843 3106 alia
863 3060 994 3124 quoque
1008 3043 1097 3107 verbi

158 3139 275 3197 natura
296 3140 346 3197 est
367 3153 454 3198 cmx.
502 3133 574 3208 Qua
595 3133 656 3196 iste
678 3153 745 3197 non
768 3131 875 3214 potuit
904 3151 1018 3209 carere,
1046 3133 1104 3197 vel'

158 3221 260 3286 immo
284 3221 370 3304 quod
393 3223 453 3287 iste
483 3223 569 3286 solus
598 3227 723 3304 pugnat
750 3226 862 3284 eontra
887 3239 999 3285 omnes
1027 3241 1097 3304 pro

158 3312 284 3389 ohetas,
320 3311 418 3375 etiam
449 3311 571 3388 Mosen,
604 3318 642 3374 ut
674 3309 810 3375 videtur.
867 3309 985 3374 Moises
1019 3307 1099 3374 dicit

175 3399 334 3463 srahelem
349 3401 507 3484 populum
519 3399 581 3477 dei,
604 3399 665 3462 iste
679 3403 778 3479 negat
796 3396 893 3461 deum
909 3416 978 3461 esse
1000 3395 1098 3462 deum

167 3487 324 3566 rsrahelis,
347 3489 401 3552 ille
424 3495 616 3572 perpetuum
646 3486 745 3550 deum
772 3485 948 3568 promittii‚
976 3486 1031 3549 hie
1053 3485 1099 3549 aii
1154 3486 1156 3490 ’

175 3583 328 3640 ›eceatum
350 3578 500 3667 israhelis
523 3597 592 3641 esse
619 3575 847 3639 irremissibile.
891 3573 1028 3639 Necesse
1050 3581 1100 3639 est

250 3751 278 3819 1)
297 3751 405 3820 Incipit
422 3751 470 3806 iol.
490 3749 550 3806 107.
561 3752 594 3805 A.
612 3749 707 3804 Msci.
738 3770 747 3781 ⁸
