2575 4225
213 260 281 330 424
519 258 626 343 Caput
647 256 859 325 undecimum

211 439 321 504 homo.
384 438 492 501 Homo
524 436 613 500 enim
650 454 708 517 per
748 440 917 517 peccatum
950 436 1162 518 depravatus,
1260 448 1265 512 J

21 478 35 553 ⁵²
114 595 118 608 ,
213 527 341 593 nullum
362 525 477 589 statuit
497 525 564 589 irae
586 524 731 600 modum,
755 522 836 587 deus
858 529 968 591 autem
986 531 1163 607 peccatum
1263 522 1265 589 ἶ

214 635 282 679 non
302 614 412 692 habet,
435 613 508 678 ideo
523 633 590 677 non
612 613 692 676 sinit
712 612 795 677 iram
813 612 985 678 immodice
1008 615 1163 695 graecari.
1260 608 1265 637 ⁶

213 705 265 767 Ita
286 702 379 769 dicit:
410 702 490 767 Sum
512 707 643 767 canctus
665 702 701 765 in
724 700 832 766 medio
854 702 912 780 tui,
937 704 1031 783 quasi
1054 703 1158 768 dicat:
1258 719 1266 777 ἦ

213 794 281 857 Vos
303 812 371 856 non
393 792 470 856 eatis
492 791 605 869 sancti,
629 811 688 871 ego
711 794 821 857 autern
841 790 914 855 ideo
937 811 1011 855 aum
1033 793 1070 855 in
1094 812 1163 857 me·
1264 832 1266 849 ·

214 880 269 945 dio
297 881 396 945 vestri
424 885 573 958 canctus,
609 879 684 943 ideo
705 900 758 943 me
785 880 953 947 vobiscum
986 882 1163 963 coniunge,
1265 910 1266 919 ι

214 976 252 1034 ut
273 989 330 1035 vec
355 959 571 1047 'sanctificem
595 975 633 1032 ut
655 974 786 1051 peccata
808 968 1006 1047 condonem‚
1030 977 1064 1034 et
1084 990 1164 1035 meo
1264 1000 1267 1065 ι

215 1058 331 1143 spiritu
354 1059 493 1123 excitem
515 1058 558 1121 ad
580 1078 689 1125 veram
712 1057 942 1123 obedientiam.

305 1146 474 1223 Quomodo
502 1154 611 1213 autern
640 1146 704 1210 hoc
732 1146 811 1209 facit
837 1146 940 1211 deus?
996 1148 1164 1212 Nimirum

215 1257 273 1320 per
295 1238 432 1301 verbum
453 1255 559 1313 suum,
583 1236 707 1316 inquo
730 1235 825 1299 docet
846 1255 905 1299 nos
928 1234 968 1299 de
992 1256 1053 1299 sua
1066 1238 1161 1301 miae

217 1325 354 1389 riccrdia
381 1332 414 1391 et
443 1325 614 1389 dilectione
642 1344 718 1405 erga
746 1344 820 1401 noo,
857 1344 956 1405 quam
986 1324 1165 1390 declaravit

216 1414 316 1476 misso
353 1413 429 1478 filio.
485 1414 558 1476 Hac
593 1414 832 1495 praedicatione
861 1413 992 1494 spirituo
1028 1421 1164 1479 sanctae

217 1501 363 1565 accendit
385 1502 512 1566 animos
526 1501 646 1566 fiducia
667 1501 821 1567 bonitatis
835 1502 899 1578 dei,
922 1509 961 1566 ut
983 1509 1016 1567 et
1030 1502 1166 1567 doleant

217 1590 258 1653 dc
281 1589 432 1655 admissis
454 1590 603 1672 peccatis,
631 1597 664 1655 et
686 1594 830 1655 statuant
852 1610 890 1654 ea
912 1610 932 1656 a
954 1592 1165 1657 misericorde

212 1678 279 1746 ¹deo
301 1698 359 1761 per
384 1678 490 1750 filium
512 1679 647 1743 remissa
674 1696 711 1742 ac
734 1680 923 1745 condonata.
970 1681 1104 1759 Deinde
1124 1688 1167 1745 ut

217 1773 286 1832 toto
308 1772 436 1849 pectore
451 1769 596 1833 ferantur
618 1768 660 1830 ad
675 1767 902 1851 praestandam
925 1768 1070 1855 debitam
1089 1771 1165 1833 obe·

217 1856 385 1935 dientiam,
409 1862 442 1921 et
459 1856 699 1939 reprimendam
722 1876 862 1921 carnem.
908 1856 960 1920 Sic
983 1859 1168 1923 sanctificat

219 1966 280 2011 nos
302 1944 392 2023 deusg
415 1946 567 2011 habitans
586 1946 672 2009 inter
693 1964 753 2010 noe
774 1946 982 2027 perverbum
1003 1948 1167 2029 evangelii

98 2109 100 2111 ,
220 2034 441 2101 defflioouo.

271 2232 381 2275 vmma
402 2212 502 2294 igitur
522 2213 621 2277 huius
635 2213 699 2277 loci
721 2223 778 2289 est,
804 2213 892 2292 quod
915 2213 1069 2278 dominus
1092 2235 1167 2296 pro·

293 2301 405 2379 mittit,
430 2303 490 2366 etsi
511 2322 649 2383 regnum
670 2301 768 2366 Israel
790 2301 994 2379 vastandum,
1018 2309 1052 2367 ct
1075 2304 1167 2372 inter

221 2396 332 2472 gentes
347 2390 628 2456 disseminandum
641 2390 693 2468 sit,
717 2391 998 2468 tamenfutmum,
1022 2398 1061 2456 ut
1082 2392 1167 2457 deuo
1236 2446 1238 2452 .

221 2500 288 2544 non
310 2480 346 2544 in
368 2486 473 2544 totum
495 2480 530 2543 id
552 2479 682 2563 perdat,
710 2479 768 2544 aed
790 2499 847 2544 suo
871 2485 1013 2560 tempore
1037 2488 1168 2546 revocet

220 2589 279 2651 per
302 2569 505 2650 evangelium
532 2569 574 2632 ad
596 2589 734 2649 regnum
757 2568 888 2645 Christi,
916 2575 953 2632 ut
974 2570 1168 2634 misereatur

220 2657 307 2731 eius,
339 2662 372 2718 et
401 2657 547 2735 ignoscat
572 2663 705 2737 peccata
731 2676 788 2722 seu
816 2657 1001 2723 sanctificet.
1062 2658 1169 2723 Addit

222 2748 332 2806 autem
354 2742 538 2807 mirabilem
559 2744 795 2810 conditionem:

266 2919 350 2985 Non
372 2920 528 2987 veniam
551 2921 600 2984 ad
623 2921 843 2988 civitatem.

1267 2801 1270 2866 i

1268 2869 1270 2932 Ι

1267 2939 1270 3008 i

1268 3011 1270 3048 ι

221 3094 310 3206 Hoc
332 3097 411 3179 quid
435 3098 498 3162 sibi
519 3099 613 3162 vult?
658 3099 723 3162 Alii
745 3098 808 3162 alia
830 3101 977 3178 afferunt,
1002 3101 1059 3166 sed
1081 3102 1168 3166 mihi
1268 3121 1270 3194 ι

295 3185 422 3252 videtur
436 3187 714 3269 simplicissimum
736 3193 769 3254 et
786 3189 963 3253 sententiae
986 3191 1166 3272 prophetae
1268 3197 1270 3222 ³

222 3275 576 3353 convenientissimum,
608 3282 649 3340 -ut
682 3276 843 3357 intelligas
876 3277 975 3346 deum
1007 3279 1057 3342 eic
1083 3278 1166 3344 velle
1269 3307 1270 3312 ¹

223 3364 367 3430 misereri
394 3364 485 3444 regni
511 3360 656 3428 Ieraelis¹
695 3365 897 3430 disseminati
926 3368 1157 3448 intergenteo,
1269 3387 1270 3446 ς

314 3555 342 3622 1)
360 3546 516 3611 Israelitae.

313 3729 338 3798 ⁰)
355 3731 392 3785 In
409 3749 497 3800 marg.
516 3733 579 3790 coll.
597 3733 673 3788 Ien.:
701 3733 818 3802 Summa
835 3735 923 3791 huius
940 3735 1004 3792 loci.
