2575 4225
430 268 557 331 Hoseae
579 266 764 348 prophetae.
1003 269 1064 331 181

124 445 213 522 dato,
250 453 284 509 et
313 452 405 509 erant
432 465 522 509 mera
549 442 778 508 inobedientia.
825 442 912 507 Deus
947 450 1065 524 autem,

8 559 16 604 ,·
125 536 207 598 sicut
223 533 355 598 Samuel
366 536 581 609 concionatur,
596 534 721 597 mavult
736 530 955 597 obedientiam
967 532 1081 614 quam'

8 607 10 650 ²
124 622 309 701 victimam,
338 630 372 687 et
398 625 605 688 rebellionem
635 643 703 686 non
732 622 841 686 minua
870 622 939 686 odit
965 642 1065 704 quam

8 759 10 799 ,
123 712 380 790 incantamenta,
409 715 445 777 in
467 714 587 795 quibus
609 732 676 801 non
699 712 803 776 solum
827 730 848 775 a
875 710 935 777 deo
967 712 1063 777 disce·

8 824 11 874 i
124 800 226 878 ditur,
259 802 316 865 sed
338 802 488 867 homines
510 804 609 867 etiam
632 808 763 867 satanae
786 801 948 882 supplices
970 803 1063 879 fiunt,

8 884 10 944 i
124 896 156 953 et
177 891 249 955 eius
272 897 345 955 tum
368 912 499 973 operam
520 899 593 956 tum
615 911 712 973 opem
734 890 911 970 requirunt.

122 1100 206 1211 Dm
235 1103 454 1169 demandato
484 1105 569 1170 facto
598 1106 639 1169 ad
662 1106 819 1181 Hoseam,
849 1122 936 1166 nuno
967 1106 1066 1170 etiam

186 1194 222 1257 id
246 1194 476 1276 explicandum
499 1202 557 1272 est,
582 1195 669 1276 quod
685 1196 751 1257 fere
766 1197 980 1277 persingulas
995 1216 1063 1281 pro·

121 1284 253 1365 phetiaa
275 1289 383 1364 partes
405 1284 569 1366 repetitur,
593 1292 626 1349 et
648 1292 719 1348 tum
742 1283 876 1363 aMose,
898 1286 977 1349 tum'
994 1286 1065 1349 aliis

120 1372 289 1454 prophetis
313 1373 496 1452 frequenter
523 1380 713 1455 usurpatur,
744 1393 879 1458 nempe,
907 1396 965 1439 cur
992 1376 1064 1439 sori·

121 1456 234 1543 ptura¹
262 1460 445 1525 idolatriam
472 1482 548 1525 cum
576 1463 786 1527 fornicatione
815 1484 873 1529 seu
907 1466 1065 1529 adulterio

121 1551 309 1632 comparet?
332 1550 392 1614 Est
414 1556 523 1614 autem
545 1553 626 1615 mire
650 1559 727 1634 apta
749 1553 936 1633 similitudo,
962 1556 989 1618 si
1008 1556 1063 1618 oir-

121 1639 320 1703 constantias
354 1659 466 1703 omnes
500 1641 682 1705 consideres
720 1641 916 1724 diligentius.
974 1644 1065 1710 Sicut

121 1730 209 1791 enim
239 1729 377 1791 maritus
405 1748 439 1792 se
467 1749 542 1792 cum
568 1750 668 1793 uxore
696 1733 877 1813 coniungit,
909 1734 955 1797 ita
983 1733 1064 1797 deus

20 1900 23 1905 Ι
121 1817 274 1880 omnibus
297 1818 497 1898 temporibus
519 1819 582 1882 sibi
604 1820 754 1885 adiunxit
769 1822 945 1885 ecclesiam.
980 1821 1065 1883 Nam

121 1907 231 1970 statim
254 1912 429 1987 postquam
451 1908 550 1988 primi
571 1915 721 1990 parentes
749 1910 833 1991 lapsi
861 1917 952 1987 sunt,
983 1910 1064 1973 deus

122 1996 272 2077 promisit
293 1996 597 2079 liberationem.per
618 2017 729 2062 semen
752 1994 926 2062 mulieris.²

214 2078 328 2148 ⁸Hano
350 2086 598 2167 promissionem
621 2092 734 2170 postea
756 2108 821 2151 non
845 2088 950 2152 solum
977 2108 1062 2172 repe-

119 2174 201 2252 tivit,
228 2173 285 2237 sed
308 2174 407 2237 etiam
429 2176 541 2240 multis
564 2177 705 2240 externis
727 2177 828 2258 signis
851 2179 1062 2243 confirmavit.

119 2264 271 2326 Abrahae
294 2263 494 2345 promittitur
515 2266 690 2330 manifesta
719 2267 915 2346 benedictio,
946 2273 979 2332 et
1009 2268 1061 2330 ad·

120 2351 208 2416 ditur
242 2353 372 2432 signum
405 2354 672 2432 circumcisionis,
707 2361 746 2418 ut
779 2357 877 2432 etiam
911 2358 1062 2420 denotato

119 2441 258 2522 populo,
275 2447 307 2504 et
322 2443 416 2521 quasi
431 2442 606 2524 designatis
621 2444 844 2524 promissionis
858 2444 1061 2522 haeredibus,

9 2602 10 2607 η
119 2537 206 2593 certa
241 2536 326 2593 esset
351 2531 542 2595 benedictio.
589 2533 695 2611 Moses
730 2549 858 2613 quoque
892 2534 1061 2616 populum,

9 2642 10 2699 f
119 2620 177 2698 qui
208 2618 486 2690 circumcisionem
511 2621 655 2686 habebat
681 2641 722 2684 cx
748 2622 902 2685 mandato
926 2623 1079 2700 domini,-

118 2706 264 2770 institnit
286 2707 326 2770 de
349 2715 482 2771 externo
505 2709 609 2787 cultu,
641 2716 674 2773 et
695 2711 787 2774 addit
814 2710 966 2776 dominus
996 2733 1060 2775 ma-

9 2826 11 2830 >
117 2797 277 2858 nitentum
299 2803 444 2877 pactum,
473 2817 506 2860 se
529 2798 598 2862 fore
622 2800 721 2863 deum
747 2801 845 2868 huius
873 2801 1001 2883 populi,
1034 2802 1061 2864 si

9 2944 12 2965 ,
119 2891 248 2949 servent
270 2885 433 2962 mandata,
457 2886 509 2949 sin
531 2894 641 2952 autem
664 2889 865 2953 amandatis
880 2891 947 2952 suis
963 2890 1060 2952 disee·

118 2973 215 3050 dant,
247 2993 281 3036 se
305 2973 437 3053 quidem
459 2981 660 3039 servaturum
682 2978 849 3059 promissa,
877 2978 938 3040 etsi
961 2978 1061 3039 alium

9 3110 10 3145 3
117 3062 280 3144 populum
303 3063 366 3126 sibi
387 3064 597 3129 adiuncturus
620 3067 673 3129 sit.
711 3065 909 3130 Huiusmodi
929 3066 1060 3153 promis·

9 3164 10 3191 ff
119 3151 226 3214 aiones
249 3170 362 3216 omnes
385 3153 469 3214 nihil
491 3153 580 3216 aliud
602 3160 695 3231 sunt,
727 3173 826 3234 quam
849 3154 953 3218 amica
981 3155 1059 3219 invi-

10 3430 12 3479 i

10 3482 12 3517 r

117 3240 212 3318 tatio,
253 3241 337 3304 sicut
370 3241 515 3305 Christus
553 3243 588 3305 in
622 3243 786 3323 evangelio
823 3244 979 3324 loquitur,
1018 3243 1060 3306 ad

118 3331 262 3412 nnptias,
285 3330 342 3392 ubi
365 3330 428 3411 ipsi
449 3331 593 3411 hospites
615 3352 674 3394 seu
693 3332 825 3396 ecclesia
840 3339 916 3396 sunt
931 3353 1059 3415 sponsa,

173 3419 269 3480 affert
290 3418 321 3480 ei
343 3437 480 3499 sponsus
503 3419 664 3500 quidquid
686 3421 786 3485 habet
799 3422 969 3485 bonorum.
1008 3421 1060 3484 Sic

209 3679 404 3748 1)1d01atrir
437 3686 619 3750 comperiar
654 3683 802 3739 arnano.
848 3683 877 3752 a)
910 3685 998 3740 sene.
1032 3685 1059 3739 a.
1136 3663 1148 3684 ’

169 3751 324 3806 *remissio
342 3750 433 3817 signis
451 3753 578 3806 externis
598 3755 772 3808 confirmata.
