2575 4225
471 291 576 392 xOscae
599 293 784 374 prophetae.
1057 297 1100 360 99

319 523 323 532 .
391 467 552 542 Quoniam
575 469 682 534 adhue
704 469 879 535 modicum.

162 569 270 681 Hunc
298 596 353 638 esr
376 574 457 638 dura
478 577 666 659 prophetia,
697 584 729 641 et
750 580 870 660 populo
893 579 1099 646 incredibilis.

89 699 92 703 >
226 664 365 726 Proinde
397 666 646 758 contemnebant
669 669 873 750 prophetam,
902 672 1100 752 negligentes
1187 751 1190 756 Ι

163 772 238 815 eum
267 759 426 836 tanquam
455 755 645 818 mendacem
676 761 773 837 atque
803 757 1009 823 haereticum.
1061 762 1101 826 In

163 861 227 922 quo
254 841 345 906 vides
373 843 536 906 humanae
564 851 697 909 naturae
720 844 916 910 eaecitatem.
962 849 1102 914 Putabat

161 931 302 1011 populus
326 951 360 994 se
384 951 539 1010 crescere,
571 940 604 996 et
632 934 715 996 bene
741 934 877 999 habere:
908 937 962 1000 hic
992 944 1101 1001 autem

160 1020 243 1082 iram
267 1026 437 1083 venturam
459 1021 676 1103 praedicabat,
701 1022 780 1085 dum
803 1023 838 1086 iu
862 1024 977 1105 spiritu
999 1034 1100 1090 vasta-

159 1108 284 1171 tionem
307 1110 533 1174 imminentem
555 1111 653 1175 videt.
701 1111 752 1175 Sic
774 1112 869 1193 impii
884 1113 1030 1177 iudicant
1044 1135 1101 1197 per

159 1196 319 1261 beneficia
341 1199 465 1276 deum,
485 1207 517 1263 et
546 1201 625 1262 dum
655 1201 798 1263 maxime
824 1209 993 1266 vaventem
1021 1204 1100 1266 arbi·

160 1292 297 1364 trantur,
323 1288 463 1352 sentient
484 1289 683 1352 horrendum
706 1290 856 1353 iudicem.

442 1448 639 1530 Sanguinem
662 1450 818 1513 Iezrahel:

159 1549 299 1659 Dvarvu
323 1561 373 1617 est
395 1575 437 1617 an
460 1557 562 1619 active
577 1558 627 1620 vel
642 1557 769 1638 passive
785 1559 966 1639 accipietur,
991 1566 1100 1622 utrum

220 1643 411 1726 accipiatur,
447 1644 599 1708 historiae
626 1646 707 1708 nihil
741 1647 905 1723 succurrit,
942 1647 1029 1727 quod
1059 1649 1100 1710 de

159 1734 240 1796 Iehu
263 1734 380 1814 legitur
403 1735 512 1815 ipsum
535 1734 656 1796 scilicet
671 1734 793 1798 fudisse
817 1736 1016 1816 sanguinem,
1042 1752 1100 1798 neo

159 1823 202 1885 ad
225 1823 418 1902 sanguinem
441 1823 551 1885 Nabut
572 1824 738 1886 transferri
761 1830 875 1905 potest.
922 1826 981 1888 Est
1003 1825 1101 1904 igitur

158 1912 214 1974 hio
236 1911 467 1996 divinandum,
498 1919 530 1974 et
558 1913 734 1992 prophetae
758 1913 967 1988 credendum,
1000 1914 1098 1976 domi·

158 1993 346 2063 num'Iehu
368 2002 559 2080 sanguinem
586 2000 708 2064 fudisse
736 2003 927 2078 multorum,
960 2008 992 2064 et
1014 2023 1098 2065 vero·

158 2090 266 2153 simile
288 2095 339 2153 est
360 2109 435 2154 eum
457 2090 576 2152 multos
592 2109 722 2170 quoque
742 2091 918 2173 ‘prophetas
934 2091 1097 2155 occidisse.

158 2180 223 2253 Qui
246 2200 315 2241 non
337 2186 444 2260 potest
470 2200 537 2242 non
560 2178 711 2242 adversus
734 2181 951 2261 impietatem,
982 2188 1014 2244 et
1044 2179 1098 2243 fal·

158 2287 232 2331 sum
256 2267 310 2331 dei
333 2270 456 2332 cultum
478 2269 671 2344 exclamare,
703 2267 787 2332 siout
807 2271 843 2331 in
866 2268 988 2351 duplici
1011 2270 1099 2333 cultu

156 2358 350 2433 vitulorum,
375 2378 440 2437 quo
463 2358 566 2433 salvo,
598 2356 733 2422 salvum·
746 2359 924 2439 permansit
946 2379 1098 2439 regnum:

157 2466 288 2511 rursum
303 2446 359 2510 illo
374 2447 510 2522 sublat0,
528 2465 657 2508 necesse
673 2446 778 2510 fuerat
792 2467 928 2527 regnum
944 2467 1097 2509 corruere.

156 2536 274 2615 Itaque
304 2536 455 2598 omnibus
487 2534 593 2597 modis
627 2534 819 2598 resistebant
847 2536 1027 2616 prophetis,
1062 2542 1100 2597 ut

156 2626 323 2705 integrum
339 2644 474 2705 regnum
490 2629 661 2698 servarent,
686 2629 753 2686 tam
775 2624 944 2704 insigniter
958 2623 1099 2705 religiosi

157 2714 293 2793 quidem
316 2712 453 2783 fuerant.

471 2872 641 2937 Conterarn
665 2892 785 2958 arcum.

214 3006 234 3045 a
256 2974 376 3045 nacun¹
402 2979 554 3060 intelligit
576 2980 687 3043 omnia
709 2958 813 3056 arma,
843 2979 961 3060 quibus
984 2978 1098 3040 instru-

210 3068 255 3133 cti
270 3068 383 3132 Iudaei
398 3070 588 3150 pugnabant
607 3069 758 3132 adversus
774 3088 862 3148 reges
878 3067 1097 3147 Assyriorum:

157 3158 214 3221 sed
237 3158 320 3221 deus
342 3158 501 3238 confregit
516 3178 626 3220 arcum
640 3158 743 3233 illum,
768 3158 820 3219 cui
836 3155 939 3235 magis
955 3155 1099 3219 fidebant

159 3253 261 3327 quarn
284 3246 358 3328 ipsi.
404 3248 518 3329 Itaque
541 3247 689 3310 videmus
713 3246 870 3325 populum
893 3244 1005 3321 deseri,
1041 3245 1098 3323 qui

158 3342 226 3399 *am
248 3336 371 3416 insigni
393 3336 629 3399 intumescebat
647 3334 875 3415 praerogativa.
923 3333 1099 3415 Oportebat
1204 3356 1207 3364 ⁴

171 3430 268 3489 tutem
291 3424 374 3488 illud
396 3444 533 3505 regnum
555 3424 675 3500 minui,
705 3429 751 3485 ut
764 3442 900 3504 regnum
922 3422 1004 3483 Iuda
1026 3438 1097 3483 con·
1201 3476 1215 3497 N

171 3515 340 3590 ralesceret,
365 3514 453 3593 quod
475 3513 646 3594 aliquoties
668 3510 855 3576 divexatum
879 3516 935 3587 est,
960 3510 1017 3573 sed
1032 3531 1098 3573 non

167 3602 312 3665 adicitus
340 3603 514 3666 sublatum.
565 3601 677 3684 Inqo*
708 3601 808 3663 enim:
847 3600 920 3662 Non
942 3599 1098 3665 amovebo

902 3861 937 3914 71

7 3705 23 4015 ξ
248 3778 275 3842 1)
293 3778 395 3831 Arcus.
