2575 4225
222 281 285 342 124
567 280 672 361 Caput
694 301 817 343 nonum

220 459 282 521 hoe
305 457 421 538 diligis.
468 457 710 521 Abundantiam
728 459 862 540 sperasti
877 477 984 520 rerum
999 460 1161 536 omnium,

221 554 253 609 et
280 547 365 608 hanc
393 547 507 608 mereri
536 546 678 609 intendis
701 552 758 610 tuo
781 548 884 623 cultu,
914 547 971 608 sed
1002 566 1074 628 spes
1102 554 1164 610 tua

220 635 310 697 fallet
344 641 376 696 et
408 635 599 712 mentietur,
640 636 779 699 torcular
812 642 905 697 tuum
944 635 1033 697 fallet
1067 655 1161 716 spem

219 730 324 799 tuam,
357 723 464 785 minus
488 724 578 787 dabit
601 744 701 804 quam
723 724 874 805 sperasti,
899 723 1025 786 etiamsi
1048 725 1161 787 omnia

221 811 401 888 abundent,
432 818 541 875 tamen
568 813 653 876 inter
679 832 795 875 manus
818 818 890 876 tuas
914 814 1089 889 evanescit,
1122 820 1163 876 ut

220 901 343 962 nescias
367 921 521 981 quorsum
543 901 717 983 perveniat.

380 1043 426 1105 De
451 1063 515 1124 quo
538 1044 644 1107 omnis
668 1045 725 1124 qui
747 1043 888 1106 eomedit
911 1063 994 1104 eum.

219 1146 294 1256 Esr
317 1151 352 1213 in
372 1150 467 1214 Deut.
501 1151 667 1231 seriptum,
691 1148 779 1251 quod
796 1149 926 1252 quando
942 1150 1161 1252 offerebantur

275 1240 427 1316 decimae,
451 1259 579 1302 summo
602 1238 721 1321 gaud10
744 1244 776 1301 61
797 1239 921 1301 laetrtra
942 1239 1011 1300 fierr
1032 1239 1159 1316 debere,

220 1347 324 1407 neque
348 1329 522 1408 quiequam
544 1328 653 1390 decuit
683 1329 795 1390 offerre
825 1328 860 1389 in
886 1327 1025 1390 tristitia.
1073 1328 1161 1390 Dicit

120 1450 128 1459 .
220 1435 293 1495 ergo
316 1417 369 1478 hic
391 1411 601 1497 prophetae¹:
624 1417 660 1477 in
682 1416 772 1478 luctu
795 1416 1028 1492 sacrificabunt,
1053 1435 1161 1495 neque

219 1503 331 1565 laetari
363 1510 515 1584 poterunt
548 1509 678 1585 propter
707 1523 800 1567 suam
830 1505 1025 1568 servitutem.
1074 1505 1160 1584 Ergo

219 1593 291 1672 ipsa
313 1593 466 1655 sacrificia
487 1594 559 1673 ipso
582 1593 689 1655 dolore
713 1599 808 1655 erunt
830 1593 961 1673 polluta.

347 1733 523 1814 Cognoseet
545 1735 645 1796 Israel
667 1735 803 1797 stultum
825 1735 1026 1816 prophetam.

246 1865 266 1904 u
287 1864 349 1916 nsr,
385 1861 456 1917 vos,
492 1841 767 1921 quemadmodum
801 1840 894 1924 impii
918 1841 1033 1916 solent,
1071 1840 1159 1902 dam·

261 1929 344 1991 natis
367 1929 438 2010 pios
461 1930 649 2010 prophetas,
680 1929 738 2009 qui
760 1930 850 1993 vobis
879 1930 970 1992 stulti
997 1935 1029 1992 et
1051 1929 1160 1992 insani

221 2022 305 2094 sunt,
331 2023 363 2080 et
385 2018 480 2081 oditis
504 2039 557 2081 eos
580 2039 698 2098 magno
714 2017 797 2080 odie.
843 2019 1032 2098 Intelligetis
1049 2025 1160 2081 autem

219 2128 318 2187 quam
340 2107 466 2184 stultus,
491 2116 547 2171 aut
569 2128 669 2188 quam
683 2106 824 2170 mendax
845 2128 903 2188 ego
919 2107 1010 2171 vobis
1029 2107 1157 2170 fuerim.

220 2197 328 2256 Verax
351 2216 409 2275 ego
432 2216 522 2273 sum,
553 2197 610 2259 sed
632 2203 762 2279 propter
785 2198 990 2277 iniquitatem
1013 2203 1071 2259 aut
1093 2218 1158 2259 ma·

219 2283 322 2345 litiam
352 2289 490 2347 vestram
520 2305 615 2365 cogor
641 2285 783 2347 mendax
806 2306 890 2363 esse,
928 2285 1071 2348 sentietis
1102 2306 1158 2348 vos

220 2391 295 2435 vero
318 2392 416 2452 quam
439 2373 581 2435 mendax
604 2394 662 2453 ego
685 2374 757 2436 sim.

416 2514 564 2594 Laqueus
588 2517 722 2597 aucupis
745 2517 849 2579 faetus
873 2536 954 2579 sum.

262 2641 280 2679 n
306 2640 423 2700 poena,
448 2619 577 2682 nonde
601 2623 712 2703 culpa,
736 2629 774 2685 ut
797 2624 898 2687 active
920 2623 1157 2703 interpretetur,

278 2710 381 2770 factus
405 2728 477 2769 sum
499 2709 644 2788 laqueus,
670 2711 727 2792 qui
750 2717 877 2792 caperet
900 2731 962 2788 eos,
986 2712 1037 2774 vel
1053 2717 1160 2791 potest

219 2797 355 2877 intelligi
377 2797 515 2877 passive,
540 2794 903 2880 111611116161116616166,2
932 2800 1038 2862 scietis
1062 2807 1095 2862 et
1116 2800 1158 2862 la-

220 2906 340 2965 queum
363 2885 536 2965 captionis,
573 2894 605 2950 et
639 2888 752 2952 odistis
786 2889 873 2950 hunc
902 2889 1095 2969 prophetam
1124 2889 1159 2949 in

219 2976 315 3038 domo
338 2974 403 3050 dei,
439 2973 473 3034 id
495 2980 559 3052 est,
595 2976 630 3038 in
653 2976 772 3057 populo
794 2996 877 3039 meo,
934 2978 1000 3039 Vos
1040 2977 1157 3052 scietis,

220 3065 369 3143 quisnam
393 3062 498 3140 fuerit,
523 3083 596 3126 vere
620 3085 662 3128 an
685 3067 764 3128 false
787 3065 913 3152 dixerit.

484 3206 645 3270 Profunde
669 3214 888 3288 peceaverunt.

56 3320 124 3397 ”3
218 3309 319 3421 Anno
350 3310 482 3412 rebelles
513 3312 641 3415 fuistis,
674 3318 711 3374 ut
740 3313 867 3416 'optimo
902 3313 1078 3394 prophetae
1105 3332 1158 3414 ⁸re·

89 3424 104 3433 ⁵
277 3405 440 3475 srsteretrs‚
465 3406 497 3463 et
518 3402 571 3463 1lle
594 3402 667 3477 fun,
693 3422 749 3481 qm
769 3403 909 3479 volebat,
928 3422 985 3465 vos
1002 3421 1134 3480 experrr.

220 3495 252 3551 et
273 3489 407 3552 liberare
430 3507 486 3553 vos
510 3510 530 3551 a
552 3496 720 3572 praesente
742 3492 804 3568 ira,
833 3490 962 3553 interim
986 3490 1130 3569 cogebat

214 3596 288 3661 esse
310 3580 444 3658 laqueus
467 3585 579 3644 vester.
626 3580 770 3660 Dignum
794 3599 900 3642 amore
924 3578 1047 3653 odistis.
1097 3578 1130 3641 Se

310 3752 336 3814 1)
354 3752 444 3817 Legae
462 3755 611 3822 propheta.
650 3754 677 3821 2)
696 3754 786 3818 Legas
805 3753 911 3807 scietis.
