2575 4225
215 285 281 347 466
464 283 567 365 Caput
590 283 723 346 tertium
745 281 909 344 decimum

214 461 373 523 malorum
397 460 567 541 cupiditas,
592 459 676 522 sieut
698 457 872 522 ostendunt
895 459 1053 540 exempla.
1093 459 1153 523 Sed
1259 511 1264 528 ,

214 550 423 630 prophetam,
446 549 514 612 imo
537 548 708 610 dominum
730 547 856 628 ipsum,
881 547 958 609 audi
979 549 1050 624 hio,
1075 549 1152 628 quid

213 639 365 700 minetur.
418 639 493 700 Non
527 639 633 700 solum
667 643 798 718 peccata
831 655 872 698 ex
905 636 965 699 deo
1004 637 1153 701 elementi

213 727 332 788 iratum
361 725 459 788 deum
486 726 623 802 faciunt,
654 726 711 788 sed
741 725 839 786 etiam
869 725 1072 804 magistratui
1101 747 1153 808 po·

213 816 350 878 tentiam
372 821 406 877 et
428 835 519 878 arma
540 815 719 890 excutiunt,
742 833 784 874 ne
807 813 911 875 faeere
929 814 1041 895 possit,
1066 815 1154 894 quod
1221 855 1226 869 ·

213 903 369 967 divinitus
391 904 663 983 iubeturlfaoere.
710 900 810 975 Quasi
839 901 942 964 dieat:
981 903 1065 965 Dedi
1093 904 1152 966 tibi

212 1013 333 1072 regem,
355 993 431 1055 dedi
452 993 624 1073 principes,
649 993 707 1072 qui
729 998 761 1055 te
782 990 991 1054 defenderent
1006 993 1047 1054 ab
1063 993 1153 1054 omni

212 1081 340 1159 iniuria,
364 1087 437 1144 tum
455 1083 600 1144 hostium
615 1088 830 1155 externorum,
854 1085 925 1142 tum
941 1079 1071 1157 civium,
1096 1081 1152 1143 sed

212 1171 297 1234 sieut
318 1190 377 1250 ego
400 1177 433 1233 te
455 1171 577 1235 salvare
600 1191 667 1232 non
690 1187 837 1250 possum,
867 1189 942 1231 oum
971 1174 1009 1232 tu
1037 1189 1153 1249 urgeas

211 1279 269 1339 per
298 1265 430 1339 peecata
456 1259 609 1322 meritum
643 1265 754 1334 tuum,
791 1257 837 1319 sie
871 1278 911 1320 ne
945 1257 1152 1338 magistratus

212 1347 345 1428 quidem
356 1353 433 1410 tuus
445 1349 565 1411 salvare
577 1354 609 1410 te
621 1348 748 1428 poterit,
762 1345 819 1410 sed
826 1365 892 1408 una
903 1353 1012 1409 tecum
1022 1347 1152 1428 peribit.

301 1436 396 1509 Quod
430 1437 594 1516 sequitur:
628 1437 713 1499 Dedi
746 1436 807 1500 tibi
840 1455 948 1515 regem
981 1436 1017 1497 in
1044 1437 1151 1500 furore
1272 1505 1273 1508 ,

210 1544 292 1600 meo,
316 1526 495 1605 plerunque
510 1525 683 1606 exponitur
698 1525 738 1587 de
754 1523 857 1600 Saule,
882 1544 980 1603 quem
999 1526 1149 1589 dominus

210 1613 330 1693 populo
352 1613 500 1694 improbo
523 1614 565 1675 ad
591 1614 738 1693 gentium
767 1613 952 1694 exemplum
978 1615 1149 1694 flagitanti,

209 1722 318 1782 regem
341 1701 446 1779 dedit,
471 1722 546 1765 oum
569 1703 658 1784 prius
681 1723 748 1766 non
770 1721 875 1783 reges,
899 1722 957 1783 per
980 1704 1149 1767 successio·
1272 1743 1273 1778 ss

208 1811 285 1853 nem
313 1791 371 1853 sed
398 1791 521 1854 iudices
547 1793 757 1873 imperarent,
794 1811 875 1872 quos
902 1791 1054 1855 dominus
1088 1813 1173 1874 pro*
1271 1805 1273 1888 ᾗ

208 1899 267 1942 sua
289 1880 453 1944 voluntate
476 1899 518 1942 ex
539 1881 670 1943 incertis
693 1881 826 1943 familiis
849 1878 1019 1960 deligebat.

298 1968 360 2031 Sed
389 1990 456 2032 non
485 1969 595 2050 inepte
622 1971 703 2032 haee
730 1968 772 2031 ad
798 1969 964 2032 Ierobeam
998 1970 1151 2034 videntur

207 2058 327 2121 referri.
373 2058 447 2121 Non
474 2059 669 2123 enimhaee
699 2059 808 2122 conoio
839 2058 881 2121 ad
907 2063 1013 2122 totum
1047 2079 1148 2142 popu·
1271 2095 1273 2149 3

133 2147 138 2151 ’
206 2147 289 2221 lum,
322 2147 374 2208 eui
397 2147 474 2209 Saul
495 2167 553 2210 rex
580 2149 727 2228 contigit,
756 2148 813 2211 sed
842 2150 867 2209 a(
891 2148 1027 2211 domum
1049 2149 1150 2211 Israel
1271 2152 1273 2209 Τ

202 2236 356 2317 pertinet.
402 2236 446 2299 Et
467 2237 601 2299 retinuit
622 2257 759 2317 regnum
782 2236 864 2299 Iuda
885 2256 975 2317 reges
999 2257 1075 2300 suos
1097 2258 1147 2301 us·
1271 2250 1273 2309 3

206 2343 271 2403 que
293 2323 336 2386 ad
350 2325 572 2405 captivitatem
586 2326 826 2406 Babylonieam.
865 2325 1032 2389 Ierobeam
1047 2326 1150 2406 igitur
1272 2320 1273 2399 ῗ

205 2433 263 2475 rex
290 2419 354 2490 est,
387 2434 486 2493 quem
515 2413 607 2478 dedit
634 2415 787 2477 dominus
814 2415 850 2476 iu
877 2415 926 2477 ira
948 2434 1015 2478 sua.
1062 2415 1148 2478 Nam
1272 2430 1273 2475 t

205 2523 263 2583 per
285 2503 515 2567 discessionem
538 2524 594 2567 seu
617 2504 809 2567 seditionem
832 2504 923 2565 1111111
945 2504 1075 2584 punivit
1093 2504 1148 2566 do-
1272 2514 1273 2527 ³

204 2592 314 2655 minus
341 2592 523 2655 idolatriam
550 2613 571 2653 a
593 2592 762 2656 Salomone
791 2593 952 2657 invectam
981 2592 1017 2653 in
1045 2613 1147 2674 popu·

204 2680 283 2755 lum,
308 2680 392 2742 sieut
413 2681 548 2743 historia
569 2682 720 2743 ostendit.
766 2681 910 2744 Minatur
924 2680 1030 2760 igitur,
1056 2682 1147 2761 quod

205 2766 289 2829 siout
315 2768 379 2829 ista
407 2768 498 2847 regni
525 2768 627 2831 Iudae
656 2768 771 2834 divisio
799 2773 930 2851 propter
962 2770 1148 2833 idolatriam

204 2854 290 2917 faeta
312 2861 374 2932 est,
404 2857 452 2919 111
474 2876 603 2937 quoque
631 2878 767 2938 regnum
789 2860 888 2921 Israel
915 2859 1044 2939 penitus
1075 2878 1145 2939 pro-

203 2949 275 3025 pter
297 2945 478 3009 idolatriam
502 2946 542 3009 ab
565 2948 697 3027 Assyrio
720 2945 923 3021 vastandum,
948 2953 986 3009 ut
1008 2949 1147 3028 posthae

202 3032 330 3096 nullum
357 3054 465 3114 regem
498 3035 625 3097 habeat.
672 3036 723 3099 Ita
756 3036 887 3099 initium
920 3036 1018 3099 huius
1050 3035 1147 3116 regni

201 3123 362 3186 consentit
384 3143 459 3185 eum
481 3123 556 3187 fine.

288 3300 454 3380 olligata
475 3307 536 3365 est
557 3301 761 3381 iniquitas
785 3302 995 3384 Ephraim,
1010 3308 1061 3365 ¹et
1082 3322 1148 3365 re-

301 3389 474 3470 positum
496 3397 706 3471 peecatum
737 3392 837 3468 eius,
867 3392 1025 3454 dolores
1054 3412 1145 3471 par·

245 3478 449 3542 turientis
483 3480 652 3543 venient
689 3479 734 3542 ei.
791 3480 884 3560 lpse
922 3488 982 3543 est
1020 3479 1142 3543 filius

243 3586 322 3629 non
348 3568 528 3648 sapiens,
563 3568 701 3631 veniet
727 3568 862 3649 igitur
894 3574 1062 3649 tempus,
1099 3574 1141 3632 et

244 3674 324 3717 non
345 3657 558 3733 consistet,
582 3658 778 3720 obruetur
801 3657 1146 3720 enim'doloribua

243 3749 407 3825 partus(
