2575 4225
446 257 573 321 Hoseae
595 258 779 339 prophetae.
1018 258 1084 323 345

141 430 483 544 Dvplexkpeccatum
506 435 657 511 ostendit,
681 435 871 499 mendacem
885 434 1082 517 religionem,

206 529 240 586 et
261 524 465 603 tyrannicam
487 524 645 605 politiam.
690 526 739 587 Ac
761 544 888 606 semper
914 526 1086 588 coniuncta

143 618 219 675 eunt
239 613 330 689 haec,
354 613 438 676 sicut
460 613 606 676 Christus
629 609 798 691 ostendit,¹
826 633 901 677 cum
917 614 1084 677 diabolum

141 700 304 764 mendacii
326 706 453 782 patrem
480 708 514 765 et
540 701 740 765 homicidam
765 708 868 767 vocat.
913 703 997 765 Nam
1026 704 1084 783 qui

142 789 261 870 impios
283 791 390 854 cultus
411 796 606 871 sequuntur,
637 790 782 854 crudeles
804 791 841 853 in
863 810 917 855 eos
940 797 1033 869 sunt,
1065 814 1085 855 a

142 878 261 958 quibus
284 898 318 942 se
340 879 532 960 reprehendi
559 879 679 943 vident.
726 879 778 942 Sic
800 899 900 961 papa,
929 882 1084 960 quoniam

142 968 262 1048 impios
284 967 390 1030 cultus
412 967 449 1030 in
470 967 605 1031 ecclesia
625 968 695 1032 vult
718 968 857 1045 retineri,
881 969 917 1031 in
940 969 1010 1050 pios
1030 970 1083 1033 do·

142 1061 245 1119 ctores
268 1055 359 1118 omni
381 1076 496 1137 genere
518 1055 718 1119 crudelitatis
740 1057 851 1121 saevit.

230 1144 324 1207 Idem
344 1146 407 1209 hoc
428 1146 465 1207 in
486 1145 557 1209 loco
580 1144 622 1207 de
643 1164 742 1225 regno
763 1146 863 1209 Israel
877 1145 987 1209 Hosea
1009 1166 1082 1227 que·

10 1205 12 1246 l
141 1234 231 1297 ritur.
278 1233 404 1297 Habuit
426 1238 536 1297 autem
557 1254 694 1315 regnum
716 1234 815 1297 Israel
837 1235 945 1315 plures
976 1235 1081 1299 civita·

142 1328 190 1385 tes
212 1322 362 1386 idolatria
383 1322 537 1403 insignes,
561 1324 646 1386 sicut
660 1322 838 1385 Samariam
861 1324 952 1403 regni
975 1331 1082 1405 caput,

10 1413 11 1490 ζ
141 1411 269 1487 Bethel,
295 1410 384 1488 Dan,
409 1412 530 1491 Gilgal,
561 1413 644 1475 Beth
666 1406 790 1475 Auen.²
840 1411 903 1475 Sed
925 1414 1084 1494 propheta

141 1506 228 1563 certo
252 1499 385 1563 consilio
407 1500 548 1580 regionis
571 1500 686 1564 Gilead
708 1500 840 1564 nomine
855 1502 958 1565 utitur
972 1502 1014 1564 ad
1031 1519 1082 1565 ex·

142 1588 364 1669 aggerandum
384 1595 563 1671 peccatum,
586 1590 622 1652 in
645 1609 683 1652 ea
705 1590 793 1653 enim
817 1596 886 1677 erat
907 1591 1019 1654 civitas
1038 1612 1082 1654 re-

141 1677 223 1758 fugii
246 1696 304 1741 seu
326 1678 453 1759 asylum
468 1679 617 1755 Ramoth,
640 1680 735 1741 Deut.
753 1672 803 1741 4⁸
829 1680 1015 1745 Levitarum
1038 1701 1082 1743 se·

142 1766 212 1843 des,
242 1772 281 1829 nt
301 1767 349 1829 ibi
371 1772 614 1847 cognosceretur
636 1767 676 1829 de
700 1767 852 1830 caedibus
879 1788 946 1830 non
974 1769 1082 1831 volun·

142 1856 246 1931 teriia,
279 1855 336 1918 sed
366 1875 444 1919 casu
472 1856 577 1919 factis.
623 1855 687 1918 Sed
716 1856 788 1935 quit
809 1856 871 1918 fit?
916 1856 982 1919 Ubi
1003 1856 1085 1919 deus

143 1944 298 2024 singulari
319 1944 427 2007 studio
449 1944 551 2009 voluit
573 1944 687 2008 caedes
709 1944 898 2026 prohibitas,
923 1945 970 2011 ibi
984 1946 1083 2007 maxi·

139 2053 271 2095 marum
300 2033 447 2095 caedium
474 2033 598 2097 occasio
625 2033 704 2109 fuit,
733 2040 864 2115 propter
890 2033 1084 2096 idolatriam.

233 2122 285 2184 Sic
311 2122 406 2186 initio
434 2144 455 2188 a
484 2123 675 2186 Christianis
705 2123 828 2204 templa
862 2130 976 2205 coepta
1009 2130 1086 2186 sunt

144 2210 259 2287 extrui,
282 2212 378 2275 utin
400 2217 486 2275 certo
507 2212 578 2274 loco
600 2212 741 2293 populus
763 2212 949 2277 conveniret
971 2212 1013 2275 ad
1032 2233 1084 2276 au-

143 2300 302 2363 diendum
324 2301 468 2377 verbum,
492 2300 534 2364 ad
550 2301 737 2378 orationem,
762 2306 794 2364 et
812 2308 1086 2364 sacramentorum

143 2403 256 2465 usum,
281 2388 338 2451 sed
360 2389 552 2470 pontificum
575 2390 642 2452 non
665 2391 770 2452 solum
792 2390 1002 2469 negligentia,
1028 2391 1084 2453 sed

143 2477 274 2540 malicia
296 2496 426 2558 quoque
449 2477 572 2540 factum
595 2482 658 2554 est,
682 2497 764 2559 pene
786 2483 824 2540 ut
846 2497 1008 2557 nusquam
1031 2478 1084 2540 do·

145 2572 269 2629 ceretur
290 2566 441 2642 verbum,
472 2571 504 2629 et
526 2567 648 2647 templa
670 2586 782 2629 omnes
808 2565 990 2629 iudicarent
1017 2574 1084 2631 tan-

144 2660 216 2717 tum
239 2654 400 2718 destinata
422 2652 464 2718 ad
486 2654 627 2735 impium
645 2655 763 2718 missae
779 2655 980 2732 sacrificium,
1006 2655 1086 2718 adeo

145 2743 298 2806 omnibus
320 2743 520 2824 temporibus
543 2743 642 2806 Satan
658 2763 692 2806 se
708 2744 851 2807 ostendit
866 2737 1086 2824 ἀντικείμενον

145 2832 198 2895 dei
221 2837 255 2895 et
275 2832 403 2896 hostem
425 2833 493 2896 veri
515 2832 630 2895 cultus.

235 2921 325 2994 Quae
347 2920 566 3001 Hieronymus
596 2919 637 2982 de
665 2921 823 3000 sanguine
850 2939 908 2984 seu
934 2920 1087 2984 caedibus

144 3008 268 3085 recitat,
293 3029 334 3070 ex
348 3008 462 3071 Iudaei
485 3009 654 3072 cuiusdam
677 3009 846 3085 sententia,
871 3028 975 3088 nugae
999 3015 1085 3072 sunt.

144 3097 229 3160 Nam
251 3097 321 3178 ipse
343 3098 590 3179 prophetalem
613 3097 754 3179 explicat
780 3117 828 3175 se,
858 3096 938 3178 quid
966 3098 1088 3162 vocarit

146 3186 304 3266 sanguine
327 3207 514 3269 oppressam
537 3186 661 3250 Gilead.

191 3415 327 3479 Turba
360 3415 614 3480 sacerdotum
649 3414 797 3484 similis
831 3422 893 3480 est
919 3417 1085 3481 latroni-

190 3504 280 3581 bus,
313 3505 380 3586 qui
402 3505 759 3595 insidiasjponunt
786 3503 828 3570 in
855 3505 920 3598 via
946 3524 1087 3571 versus

149 3645 363 3657 —u-——u—-n

237 3729 265 3799 1)
284 3732 384 3786 Iohan.
403 3730 429 3786 3.
466 3731 495 3800 2)
512 3732 623 3788 Gilead.
659 3731 688 3802 3)
708 3732 790 3788 Deut.
809 3686 835 3786 4
