2575 4225
185 133 202 165 ἱ

213 236 277 297 536
333 234 466 298 Additio
488 235 621 297 Lutheri
642 235 678 294 in
699 234 759 295 loc.
783 233 908 296 Hoseac
931 233 1021 294 XIII.

211 411 320 521 Hire
350 417 426 475 sunt
451 411 548 475 verba
577 410 612 472 in
647 431 783 491 persona
812 410 870 472 filii
898 409 951 472 dei
978 409 1150 484 incarnati„

284 507 317 563 el
338 500 517 575 salvatoris,
546 500 605 578 qui
631 505 680 561 est
707 499 781 562 finis
807 499 887 577 legis
917 497 958 559 ad
985 497 1151 559 iusticiam

212 590 302 651 omni
325 587 476 663 credenti,
499 607 576 649 nam
598 588 652 649 lex
674 589 756 648 iram
779 588 927 668 operatur
949 592 982 648 et
996 585 1038 646 cd
1053 585 1148 646 infer-

212 698 292 741 num
310 676 408 752 ducit,
433 675 490 738 sed
504 696 572 737 non
587 675 719 750 reducit,
744 675 924 750 mortificat,
949 673 1006 738 sed
1021 694 1087 735 non
1103 693 1150 735 re-

212 766 354 828 suscitat.
400 765 490 825 Haec
512 770 589 826 suni
610 763 779 826 notissima
805 783 846 825 ex
872 762 1051 841 evangelie,
1081 781 1149 823 non

212 854 300 916 enim
323 858 454 932 argento
477 858 509 914 et
532 872 622 927 auro,
651 852 707 913 sed
730 870 788 912 suo
811 852 940 933 proprio
963 871 1092 930 corpore
1116 855 1152 910 ei

213 943 368 1022 sanguiue
390 940 534 1023 precioso
557 961 617 1002 noc
639 940 784 1002 redemit.

257 1120 333 1181 Ubi
355 1125 416 1181 est
437 1137 541 1180 mors
564 1116 757 1178 stimulus
780 1117 892 1178 iuus‘?
916 1115 992 1177 Ubi
1015 1115 1149 1178 estin·

257 1209 373 1269 ferne
396 1206 567 1270 victoria
589 1206 682 1266 tua?
1134 1206 1143 1224 '

258 1409 276 1447 r
298 1403 364 1463 qua
385 1380 438 1444 re*
460 1382 538 1444 satis
561 1378 796 1461 supradictum
812 1386 869 1456 est,
894 1399 1080 1460 quanquam
1095 1381 1154 1442 illa
1241 1387 1246 1402 “

280 1472 455 1535 sententia:
480 1471 543 1531 Ero
566 1489 653 1531 mors
677 1475 775 1530 tuac
790 1489 885 1545 mors,
911 1488 964 1530 ero
980 1470 1079 1549 pestis
1094 1475 1151 1531 ‘cua

214 1560 348 1636 inferne,
372 1558 577 1622 vehementer
594 1563 626 1619 et
641 1558 754 1619 meritc
771 1558 915 1634 delectet,
939 1563 971 1620 ci
985 1557 1155 1620 verissima

216 1649 313 1711 simul
346 1667 383 1708 ac
416 1645 651 1709 iucundissima
677 1653 734 1708 est.
780 1646 928 1726 Denique
963 1665 1004 1707 ex
1036 1653 1152 1709 natura

215 1737 417 1800 relativorum
465 1755 506 1797 ex
550 1735 654 1814 priore
700 1735 878 1814 sequitur*
907 1733 970 1796 Sed
1014 1734 1152 1796 Paulum

218 1831 245 1886 1.
266 1825 334 1886 Cor.
355 1820 442 1886 15.**
464 1824 526 1886 hcc
548 1823 617 1885 loco
639 1823 727 1886 volui
750 1824 909 1904 explicare
933 1823 1026 1884 iuxta
1049 1843 1152 1901 gram·

215 1915 384 1989 maticam,
419 1913 492 1974 ideo
526 1911 703 1973 differenda
737 1912 800 1974 fuit
833 1913 869 1974 in
903 1911 1003 1974 alium
1032 1911 1152 1972 locum.
1249 1933 1251 1936 ·

215 2005 305 2064 Haec
327 2001 409 2063 mihi
437 2001 506 2066 visa
536 2006 612 2062 suni
642 1998 822 2062 adiicienda
850 2007 975 2063 caetera
1004 1999 1040 2060 in
1067 2019 1153 2061 ccm-

216 2086 437 2153 mentati0.*²¹‘'¹‘

306 2299 331 2367 *)
348 2300 384 2352 In
409 2298 583 2365 quibusdam
606 2297 819 2365 exemplaribus
846 2297 983 2351 edicionis
1010 2296 1156 2364 principis

216 2372 295 2424 etin
312 2368 528 2423 collectionibus
545 2369 661 2435 legitur:
687 2370 730 2422 De
755 2384 819 2435 quc.
856 2368 897 2435 '')
917 2369 953 2422 In
977 2383 1065 2433 marg.
1089 2368 1152 2421 coll.

216 2443 289 2495 Ien.:
309 2441 333 2493 1.
348 2439 411 2493 Cor.
425 2440 467 2493 15.
505 2439 546 2507 ”)
564 2439 601 2491 In
622 2440 748 2493 editione
767 2440 1003 2495 Franeofurtiana
1021 2439 1057 2491 de
1075 2454 1157 2491 anno

217 2510 286 2564 1546
303 2510 422 2575 legitur:
440 2511 529 2563 Finis.

464 3764 519 3804 Novi
531 3762 624 3815 Ruppinl
636 3766 695 3815 typis
709 3764 735 3805 11.
748 3763 897 3807 Buchbinderi.
