2575 4225
462 264 562 329 Ozese
584 264 769 347 prophetae.
1048 269 1088 330 19

138 442 311 507 Iudicium
334 461 400 523 quo
421 441 615 507 damnamus
638 450 749 508 nostra
769 449 803 507 et
831 462 952 507 errores
982 443 1088 508 etde

144 532 312 595 minamur
334 532 495 608 omnium,
519 539 684 613 utusque
706 538 875 614 peecatum
901 532 1003 614 possit
1029 552 1090 596 nos

144 639 306 696 accusare,
331 626 405 702 post
427 620 517 685 illem
538 620 707 685 iustitiam.

427 816 441 835 ι
473 781 512 847 In
535 780 761 869 Misericordia,

137 886 269 951 idest:
301 888 405 967 gratia
426 887 477 953 vel
498 888 664 964 beneficio,
688 906 815 968 graece:
847 887 962 950 charis.
1007 887 1090 968 Inde

145 976 317 1055 gratiosus,
342 976 377 1039 id
400 982 464 1040 est:
495 976 749 1042 misericordiam
775 981 975 1040 eonseeutta.
999 976 1087 1038 Elee-

144 1084 284 1168 mosgna
313 1084 442 1145 quoque
470 1066 591 1146 graecis
620 1073 654 1130 et
682 1065 875 1129 beneficium
903 1065 1089 1145 impensum

144 1172 308 1234 proxime.

449 1315 492 1379 iit
514 1314 785 1390 miserationibus,

212 1454 216 1458 ·
237 1420 442 1503 Imperfectis
465 1421 526 1485 tibi
548 1422 703 1498 manebit,
733 1442 792 1501 ego
820 1441 886 1484 non
909 1419 1087 1501 imputabo,

144 1510 251 1572 feram
274 1517 347 1573 tuos
369 1530 485 1587 mores,
509 1510 636 1587 iuvabo,
662 1509 846 1574 condolebo.
946 1582 950 1587 ,
1026 1526 1029 1529 ’

538 1671 577 1737 In
600 1666 693 1734 fide.¹

239 1775 376 1858 copiosa
386 1784 436 1843 est
446 1778 558 1859 lingua
572 1778 732 1855 hebraica,
749 1777 837 1841 idem
852 1793 947 1857 saepe
962 1777 1087 1857 repetit.

144 1864 293 1945 Exponit
304 1886 378 1947 ergo
389 1866 443 1930 hie
454 1887 488 1931 se
507 1868 616 1949 ipsum
635 1866 882 1949 palpabimusne
896 1866 982 1927 hane
995 1884 1089 1945 spon·

145 1954 332 2017 sationem?
373 1956 474 2020 eritne
523 1958 649 2023 iustitie·
687 1956 847 2019 carnaiis?
900 1955 989 2029 Non,
1032 1953 1089 2015 sed

145 2042 283 2124 nuptiae
318 2050 350 2107 et
383 2064 519 2127 regnum
553 2044 629 2109 fidei
671 2051 774 2107 erunt.
831 2044 871 2105 In
904 2041 1086 2124 evangelio:

143 2133 286 2213 Nuptias
308 2133 386 2198 feeit
407 2154 464 2196 rex
486 2135 553 2198 filio
575 2154 643 2198 suo.
690 2134 731 2196 In
749 2133 868 2198 hebreo
883 2138 933 2196 est
954 2132 989 2193 in
1011 2132 1088 2195 veri-

143 2225 224 2296 tate,
248 2220 305 2284 sed
328 2221 415 2286 idem
438 2229 495 2300 est,
519 2224 584 2287 nisi
612 2222 700 2304 quod
728 2222 841 2297 Iudaei
867 2220 965 2285 hodie
992 2227 1030 2283 ut
1057 2227 1090 2283 et

144 2309 250 2373 nostri
265 2309 401 2389 quidam
415 2311 552 2376 libenter
567 2318 747 2392 sequuntur
765 2330 893 2392 pugnas
907 2310 1087 2384 verborum,

144 2397 183 2462 id
217 2398 305 2477 quod
339 2406 371 2464 et
403 2400 501 2465 fiebat
534 2407 677 2482 tempore
711 2393 948 2481 Apostolorum.
999 2398 1088 2460 Haec

8 2542 14 2553 .
136 2487 260 2549 'omnia
281 2507 408 2570 oppone
431 2489 598 2570 operibus,
627 2508 748 2570 sponsa
774 2489 812 2552 fit
839 2507 898 2569 per,
919 2485 1087 2561 iustitiam,

144 2574 317 2654 iudicium,
339 2577 602 2655 miserieerdiam‚
626 2577 856 2653 miserationes,
880 2575 989 2651 fidem,
1013 2594 1088 2653 erge

145 2683 216 2727 non
238 2684 296 2746 per
318 2685 423 2747 opere.

541 2827 583 2891 Et
606 2827 696 2890 seies.

133 2993 136 2999 ,
238 2931 303 2996 Hie
320 2939 374 2996 est
396 2933 559 3015 profectus
581 2933 658 2997 fidei
680 2932 720 2996 de
735 2932 789 2996 die
811 2933 847 3001 in
869 2931 967 3006 diem,
991 2949 1088 3009 quem

144 3021 271 3102 ubique
293 3027 441 3103 precatur
463 3021 557 3085 nobis
579 3022 707 3085 Paulus.

539 3182 583 3246 Et
604 3175 694 3244 erit¹

238 3286 356 3354 Paulus
379 3308 506 3370 quoque
529 3309 571 3352 ex
593 3289 673 3352 Esa:
704 3294 849 3368 tempore
872 3292 1003 3367 accepto
1026 3292 1086 3348 ete.

186 3395 232 3438 sm
254 3377 317 3440 erit
342 3383 516 3457 antequam
539 3379 679 3449 element
702 3381 761 3440 ete.
807 3375 917 3448 Gloria
938 3373 1087 3441 Christis·

190 3483 266 3528 mm
288 3471 338 3528 est
360 3465 447 3545 quod
471 3466 687 3529 exaudiuntur
709 3466 745 3527 in
758 3469 919 3540 vocantes,
943 3469 976 3527 et
997 3462 1086 3542 epiri·

202 3685 363 3698 ——u—-u—

194 3574 200 3588 ¹
230 3547 373 3634 postulat
400 3574 459 3635 pro
489 3554 592 3618 nobis.
637 3554 739 3617 Petite
770 3560 803 3616 et
831 3551 996 3633 accipietis
1026 3555 1086 3614 ete.

241 3744 269 3816 1)
287 3761 314 3802 v.
334 3744 378 3798 20.
415 3743 443 3813 2)
461 3760 488 3800 v.
507 3743 550 3798 21.
847 3794 853 3808 ,

886 3831 925 3884 21
