2575 4225
424 276 551 341 Hoseae
574 276 758 359 prophetae.
997 276 1061 343 237

120 462 268 520 montem
282 453 370 534 Syna
387 454 513 517 loannis
536 460 594 531 est,
618 454 676 517 aad
699 454 779 517 adeo
801 455 929 519 insuavi
944 462 976 518 at
993 456 1063 519 hor·

122 545 209 608 ribili
230 563 318 619 voce,
342 549 381 606 ut
402 543 522 629 pavida
536 543 631 607 corda
653 564 809 621 eumnon
825 550 956 625 possent
971 544 1064 607 susti-

123 652 198 696 nere
220 632 375 714 amplius,
408 637 442 695 et
463 638 611 713 rogarent
633 632 763 709 Mosen,
792 639 830 696 ut
856 633 926 715 ipsa
956 634 1064 715 potius

121 724 316 803 loqueretur.
363 720 454 785 Siout
474 722 575 801 igitur
602 721 751 809 populus
766 722 818 783 “ibi
844 722 985 785 hominis
1013 742 1064 785 vo·

123 832 195 875 cem
217 810 289 874 voci
310 810 364 873 dei
386 810 603 891 praeferebat,
631 830 710 873 nam
732 811 811 891 legis
833 830 897 874 vox
919 812 1064 874 intolera-

121 900 198 963 bilis
221 905 287 975 est,
316 899 479 979 siquidem
501 904 662 981 praestare
684 918 756 963 eam
779 899 815 963 in
836 900 898 963 hao
925 898 1065 963 imbecil-

123 990 214 1053 litate
237 993 361 1065 nostra,
390 993 424 1051 et
451 988 589 1052 Satanae
615 988 762 1069 potentia
789 1008 857 1051 non
884 1008 1064 1070 possumus.

125 1079 177 1142 Ita
202 1078 259 1140 hio
287 1077 450 1142 diversum
479 1077 558 1141 fauit
587 1076 737 1153 eeclesia,
772 1076 832 1139 dei·
852 1076 1007 1140 blandam
1035 1084 1067 1140 et

124 1187 259 1231 suavem
281 1184 394 1231 votem
421 1164 577 1242 admittit,
605 1166 779 1229 hominum
806 1168 917 1229 autem
945 1186 1065 1241 vocem,

126 1263 285 1339 tanquam
307 1255 489 1320 ominosam
511 1258 684 1319 aversatur.

217 1344 307 1417 Quae
330 1349 518 1424 sequuntur,
543 1343 658 1407 eodem
673 1343 845 1425 pertinent,
870 1344 1010 1427 populus
1028 1363 1069 1405 ex

128 1435 277 1513 Aegypto
301 1432 338 1495 in
365 1432 529 1496 desertum
558 1432 730 1509 deductus,
766 1452 841 1496 cum
870 1434 994 1497 veniret
1028 1433 1069 1495 ad

127 1529 246 1585 terram
257 1521 490 1603 promissionis,
506 1521 686 1603 occupabat
697 1522 784 1584 culta
793 1520 939 1587 hostium
950 1522 1067 1586 vineta.

138 1638 144 1641 ·
216 1611 268 1673 Ita
296 1610 457 1690 significat
486 1611 654 1674 ecelesiam
684 1630 813 1691 quoque
844 1632 918 1674 suas
948 1612 1067 1688 vineas,

125 1702 190 1764 hoo
212 1705 271 1775 est,
294 1699 548 1763 oonsolationem
570 1699 771 1781 spiritualem
794 1706 827 1763 et
842 1699 928 1763 dona
942 1719 1002 1763 sua
1016 1701 1069 1762 ha·
1148 1706 1151 1710 '

125 1790 284 1865 bituram,
319 1787 362 1851 ad
391 1806 474 1868 quae
501 1788 563 1851 iter
595 1808 654 1869 per
687 1787 850 1851 desertum
893 1788 1069 1868 mitigatur,

129 1898 206 1940 nam
230 1876 318 1957 quod
341 1876 543 1956 evangelium
566 1876 727 1953 audimus,
752 1877 840 1956 quod
859 1877 1069 1957 baptisamur,
1169 1942 1172 1947 ,

70 2009 80 2031 .
124 1967 218 2047 -quod
240 1965 366 2029 utimur
394 1986 494 2029 ooeua
521 1965 663 2042 domini,
693 1966 773 2027 haee
800 1985 866 2028 non
899 1966 1071 2046 corporalis

127 2056 266 2120 alicuius
288 2053 451 2119 commodi
473 2054 584 2136 gratia,
608 2074 669 2118 neo
691 2060 821 2136 propter
835 2054 927 2117 'hano
942 2055 1072 2118 brevem

129 2153 163 2209 et
183 2145 407 2209 calamitosam
428 2145 530 2209 vitam
552 2144 704 2221 facimus,
734 2163 817 2224 quaa
840 2144 914 2207 ideo
943 2162 1071 2224 quoque

127 2234 251 2298 deserti
265 2234 380 2297 similis
396 2239 454 2310 est,
478 2233 566 2313 quod
581 2239 656 2314 post
671 2232 735 2296 alia
748 2233 954 2296 incommoda
975 2233 1073 2295 etiam

128 2345 152 2386 a
172 2323 261 2400 ieris,
282 2323 346 2386 hoo
368 2329 426 2399 est,
450 2342 470 2385 a
492 2322 611 2387 satana
632 2328 666 2386 et
687 2323 757 2386 eius
785 2321 954 2398 membris,
980 2321 1073 2384 nobis

130 2413 312 2494 perieulum
335 2416 394 2474 est.
439 2410 502 2473 Sed
525 2411 689 2491 quaeritur
711 2411 804 2474 nobis
827 2411 1003 2474 consolatio
1034 2409 1074 2472 de

131 2507 263 2565 aeterna
284 2500 368 2576 vita,
392 2505 431 2563 ut
450 2500 578 2562 liberati
600 2519 659 2581 per
680 2499 784 2561 filium
807 2499 860 2561 dei
883 2519 902 2560 a
924 2499 1073 2579 peccatis,

128 2597 166 2655 et
188 2611 209 2652 a
231 2595 334 2652 morte
355 2589 535 2651 habeamus
554 2607 618 2668 quo
633 2588 812 2652 innitamur
826 2587 861 2666 in
875 2587 995 2650 iudicio
1012 2586 1073 2663 dei,

131 2700 199 2742 non
228 2684 373 2741 nostram
401 2677 580 2754 iusticiam,
616 2676 674 2740 sed
702 2695 790 2755 eam,
826 2696 908 2758 quae
936 2683 985 2740 est
1019 2696 1077 2758 per
1146 2697 1152 2704 “

133 2768 234 2831 fidem
256 2767 293 2829 in
316 2766 420 2829 filium
442 2765 505 2828 dei.

138 2942 402 3057 ²Svavissimum
425 2950 534 3007 autem
556 2950 614 3024 est,
638 2943 727 3024 quod
749 2943 906 3024 propheta
927 2941 1077 3005 meminit

216 3034 310 3100 vallis
325 3033 441 3109 Achor,
465 3033 518 3096 oui
533 3032 575 3095 ab
590 3037 708 3096 eventu
726 3051 845 3094 nomen
860 3034 910 3093 est
923 3029 1075 3092 inditum.

131 3123 220 3186 Cum
251 3122 341 3184 enim
366 3122 491 3184 Ierioho
522 3127 692 3202 occupata,
728 3125 761 3182 et
794 3119 942 3182 omnium
976 3117 1078 3181 animi

136 3219 206 3274 tam
227 3211 364 3292 pulchro
391 3227 541 3273 suooessu
566 3210 603 3272 in
630 3214 751 3272 certam
779 3228 870 3288 spem
898 3214 999 3271 terrae
1022 3206 1076 3268 Ca·

136 3321 224 3363 naan
247 3298 463 3380 occupandas,
486 3299 592 3362 vocati
614 3303 731 3374 essent,
756 3297 862 3361 subito
877 3315 997 3376 magna
1015 3301 1077 3358 tur-

151 3389 227 3454 atio
249 3380 393 3450 incidit.²
442 3387 526 3449 Nam
548 3405 623 3450 oum
646 3387 760 3450 than
789 3407 830 3449 ex
857 3385 976 3468 praeda
1006 3403 1078 3446 ana·

229 3598 258 3666 1)
276 3597 370 3651 Vallis
389 3597 492 3652 Achor.
529 3596 558 3665 2)
579 3595 705 3651 Athon·

231 3760 257 3829 ·)
276 3760 313 3814 In
331 3758 394 3815 coll.
412 3756 518 3813 vaist:
537 3757 642 3812 nuhaa.
