2575 4225
18 1879 23 2326 v—-r—r——ssssff-wuss-vr-
18 1817 21 1847 vr
16 1742 23 1784 <r-
18 1614 22 1694 ᾼῂ-
18 1515 20 1522 ἡ
18 1423 20 1432 ν
18 1366 21 1374 -
18 1274 23 1283 v

874 285 1126 349 Hoseae
1171 286 1542 367 prophetae.
2012 285 2142 349 469

265 463 535 527 demum
578 462 905 544 continget
947 463 1130 528 vobis
1158 462 1470 541 liberati0‚
1521 483 1719 544 quam
1747 484 1860 528 vos
1892 483 2145 548 sperare

264 554 477 629 iubeo,
525 559 591 616 et
633 553 815 616 vobis
859 554 1186 634 promitto.

267 729 631 846 Qvomodo
676 736 896 793 autem
939 731 1107 795 hoo?
1152 730 1524 811 Respondet
1569 731 1900 796 dominus:
1950 731 2144 808 Mors,

387 840 506 900 ego
565 839 671 883 ero
723 820 925 901 pestis
984 826 1125 896 tua,
1195 821 1447 883 inferne
1516 840 1631 901 ego
1701 841 1806 884 ero
1875 815 2174 883 exitium'

266 915 475 971 tuum.
567 909 697 972 Hic
749 909 1033 990 primum
1104 909 1460 972 antithesin
1529 909 1878 974 considera.
1971 910 2148 972 Mors

266 999 455 1061 nobis
503 1004 600 1061 est
642 999 843 1080 pestis
901 1005 966 1061 et
1020 999 1311 1061 exitium.
1405 999 1565 1072 Quis
1620 1000 1797 1062 enim
1853 1018 2149 1079 unquam

265 1088 613 1151 hominum
656 1092 931 1150 mortem
976 1086 1191 1168 potuit
1235 1087 1501 1151 evadere
1519 1089 1552 1149 ‘P
1596 1089 1685 1150 At
1728 1107 1901 1151 nune
1932 1107 2146 1150 conso·

264 1177 437 1238 latur
482 1176 783 1239 dominus
803 1226 816 1253 ‚
875 1177 1168 1239 futurum
1184 1227 1197 1254 ‚
1259 1183 1338 1240 ut
1380 1196 1554 1240 mors
1567 1227 1581 1254 ,
1632 1196 1797 1257 quae
1843 1175 2148 1239 omnibus

266 1265 642 1328 hominibus
687 1265 1059 1328 incurabilis
1105 1266 1306 1348 pestis
1352 1259 1450 1328 est
1467 1315 1480 1342 ‚
1542 1264 1739 1328 etiam
1800 1283 1986 1326 suam
2042 1283 2146 1345 pe·

247 1355 433 1416 'stem
482 1355 718 1418 sentiat
762 1359 827 1417 et
872 1355 1286 1434 extinguatur
1304 1404 1318 1431 ‚
1383 1374 1456 1417 ao
1511 1353 1831 1436 promittit
1886 1373 1954 1416 se
2012 1353 2149 1417 fore

266 1443 463 1507 morti
508 1449 775 1524 pestem,
826 1450 891 1507 et
933 1444 1186 1507 inferno
1234 1443 1526 1506 exitium.

448 1532 713 1596 Notabis
749 1532 946 1612 igitur
976 1533 1205 1614 primo,
1253 1532 1431 1612 quod
1461 1532 1765 1596 dominus
1795 1533 1904 1595 hic
1931 1533 2146 1612 loqua-

267 1627 391 1698 tur,
442 1623 556 1701 qui
600 1622 793 1703 paulo
841 1627 990 1684 ante
1026 1621 1227 1685 dixit:
1278 1623 1416 1701 Ego
1449 1621 1753 1684 dominus
1783 1621 1943 1684 deus
1974 1626 2145 1696 tuus,

268 1710 468 1773 deum
513 1716 764 1793 praeter
808 1730 913 1773 me
960 1731 1092 1773 non
1137 1729 1443 1790 agnosces
1463 1759 1477 1786 ,
1540 1731 1672 1772 non
1719 1716 1816 1772 est
1874 1709 2150 1772 salvator

266 1804 522 1881 praeter
563 1819 688 1862 me.
780 1799 949 1862 Nam
993 1800 1244 1862 vincere
1292 1804 1406 1861 aut
1435 1799 1644 1860 delere
1672 1804 1968 1874 mortem,
2016 1817 2150 1861 non

266 1889 555 1952 hominis
576 1938 589 1965 ,
662 1887 775 1951 sed
843 1888 1041 1952 solius
1109 1889 1215 1950 dei
1281 1888 1485 1950 virtus
1554 1893 1619 1950 et
1684 1887 1974 1969 potentia
2034 1892 2148 1949 est.

270 1977 612 2050 Quomodo
660 1983 876 2040 autem
922 1977 1081 2040 deus
1126 1977 1320 2040 morti
1364 1977 1563 2058 pestis
1611 1977 1694 2039 sit
1746 1976 1918 2039 faeta
1963 1995 2151 2056 expo-

268 2067 370 2132 nit
415 2087 658 2132 novum
702 2071 1180 2144 testamentum,
1229 2065 1405 2147 quod
1444 2064 1550 2128 dei
1579 2066 1749 2129 filius
1771 2065 1862 2128 ab
1895 2070 2153 2127 aeterno

270 2163 451 2239 patre
499 2157 781 2237 genitus,
844 2163 1138 2220 aeternus
1185 2162 1249 2219 et
1295 2156 1704 2237 omnipotens
1718 2205 1732 2232 ‚
1798 2176 1914 2237 per
1972 2153 2150 2235 spiri·

270 2254 415 2309 tum
462 2251 759 2308 sanetum
804 2251 1174 2326 conceptus,
1234 2246 1307 2308 in
1363 2252 1543 2308 utero
1588 2244 1830 2306 Mariae
1886 2242 2154 2323 virginis

270 2336 341 2397 in
386 2336 565 2397 huno
609 2334 931 2397 mundum
976 2335 1061 2398 sit
1104 2335 1301 2397 homo
1347 2339 1558 2398 natus
1650 2334 1753 2395 Ibi
1805 2339 2154 2414 postquam

271 2424 574 2500 homines
619 2423 700 2485 de
746 2422 854 2486 dei
896 2424 1223 2488 voluntate
1269 2424 1441 2486 bona
1486 2422 1706 2485 docuit
1723 2472 1737 2499 ,
1787 2427 1854 2484 et
1899 2420 2148 2484 eviden-

174 2581 192 2597 ,
271 2514 450 2577 tibus
496 2514 820 2576 miraculis
865 2519 931 2576 et
974 2513 1173 2592 signis
1220 2532 1286 2575 se
1334 2511 1440 2573 dei
1483 2512 1694 2573 fllium
1740 2530 1877 2574 esse
1930 2509 2152 2593 proba-

274 2603 400 2679 vit,
472 2601 740 2664 tandem
794 2602 963 2682 patri
1022 2600 1328 2664 obediens
1385 2606 1484 2663 est
1539 2601 1748 2663 faetus
1810 2618 2016 2680 usque
2071 2597 2155 2660 ad

273 2695 552 2754 mortem
571 2740 584 2767 ‚
649 2696 713 2753 et
770 2697 1044 2755 mortem
1090 2690 1296 2754 crucis
1313 2740 1326 2767 ,
1392 2710 1590 2771 quam
1652 2688 1851 2752 subiit
1911 2688 1993 2750 ad
2051 2706 2153 2749 ex·

275 2779 551 2843 olvenda
604 2786 867 2860 peecata
923 2786 1170 2857 nostra,
1233 2786 1299 2842 et
1342 2779 1727 2861 placandam
1771 2779 1934 2840 iram
1983 2770 2145 2839 dei.1

273 2870 371 2932 Ac
440 2874 733 2931 mortuus
791 2870 863 2931 in
920 2888 1104 2931 cruce
1162 2870 1451 2949 sepultus
1510 2874 1608 2932 est
1622 2917 1636 2944 ‚
1695 2868 1884 2929 tertia
1940 2871 2158 2927 autem

275 2958 381 3020 die
428 2958 791 3035 resurrexit,
841 2977 994 3020 nam
1041 2976 1080 3018 a
1126 2963 1330 3020 morte
1378 2963 1442 3020 et
1486 2956 1824 3037 sepulchro
1870 2973 2004 3017 non
2048 2972 2155 3034 po-

275 3047 404 3111 tuit
448 3046 653 3111 teneri
696 3046 753 3119 is
800 3046 914 3127 qui
960 3047 1093 3110 vita
1138 3050 1289 3108 erat.
1508 3117 1515 3122 ἱ

454 3135 561 3197 Ibi
606 3134 871 3197 demum
917 3135 1257 3215 impletum
1306 3140 1428 3211 est,
1491 3132 1667 3214 quod
1711 3133 1836 3195 hoc
1887 3132 1960 3193 in
2015 3131 2157 3194 loco

277 3224 583 3287 dominus
628 3224 966 3305 promittit,
1015 3244 1189 3287 mors
1235 3224 1411 3286 enim
1447 3222 1772 3286 devoravit
1810 3221 2155 3296 Christum,

278 3314 446 3376 sicut
491 3313 650 3375 alios
694 3313 1011 3375 homines.
1106 3311 1231 3375 Sed
1275 3312 1557 3374 mirabili
1600 3310 1795 3373 modo
1840 3309 1942 3385 fit,
1999 3307 2160 3370 dum

312 3422 451 3465 nors
510 3402 840 3464 Christum
897 3401 1159 3465 devorat
1173 3450 1186 3476 ,
1259 3402 1624 3478 devoratur,
1687 3400 1846 3461 dum
1904 3396 2157 3473 occidit,

312 3491 611 3567 cciditur,
661 3490 821 3552 dum
866 3490 1083 3566 vineit,
1131 3490 1426 3556 vincitur.
1519 3490 1666 3551 Non
1711 3488 1887 3550 enim
1919 3484 2159 3565 simpli-

304 3580 435 3643 eiter
481 3599 632 3642 011111
676 3579 942 3643 homine
990 3578 1400 3659 congreditur
1415 3628 1428 3655 ,
1491 3577 1604 3640 sed
1665 3596 1815 3639 eum
1872 3574 2159 3650 homine,

461 3772 515 3841 1)
554 3773 702 3827 Phil.
740 3773 791 3825 2.
997 3818 1001 3828 ,
1645 3762 1680 3787 *
