2575 4225
434 287 505 343 41·
526 287 558 343 4
1035 279 1245 362 Caput
1288 277 1708 341 undecimum

426 459 739 534 diximus,
802 478 876 520 eo
923 449 1211 538 tempore
1226 506 1241 534 ,
1301 477 1432 537 quo
1476 457 1694 519 Hosea
1750 454 2140 520 vaticinatus
2194 464 2321 536 est,

434 567 694 623 mgnum
737 547 935 609 Israel
979 546 1177 609 fuisse
1222 545 1765 627 potentissimum.

604 670 1047 734 xcitabitur
1090 670 1346 749 igitur
1406 670 1817 734 tumultus
1863 669 1946 731 in
1993 673 2322 753 populo

518 775 525 778 ”
578 755 581 758 ’
635 766 799 836 tu0‚
850 765 927 822 et
972 779 1246 821 omnes
1276 759 1786 821 munitiones
1831 765 2006 820 tuae
2039 767 2312 823 vasta·

518 851 846 925 buntur,
926 849 1145 911 sicut
1190 849 1514 913 Salman
1567 848 1929 912 vastavit
1988 847 2312 911 domum

518 938 823 1013 ArbeeL
899 942 1254 1019 tempore
1324 938 1550 1013 belli,
1623 955 1773 1016 quo
1845 941 2087 999 mater
2149 957 2320 1000 una

514 1047 686 1089 cum
730 1027 1023 1089 liberis
1070 1027 1360 1089 collisa
1405 1033 1542 1088 est.

526 1151 745 1213 istoria
762 1201 775 1227 ‚
840 1151 1022 1213 cuius
1079 1152 1205 1214 hoc
1261 1151 1332 1212 in
1390 1151 1532 1213 loco
1599 1150 1915 1231 propheta
1983 1151 2310 1229 meminit,

570 1260 889 1319 nusquam
948 1245 1143 1303 extat.
1238 1239 1363 1301 Sed
1418 1238 1743 1319 insignem
1797 1238 1996 1301 fuisse
2053 1241 2309 1303 calami·

426 1347 621 1389 tatem
667 1328 966 1404 ostendit,
1014 1330 1085 1390 in
1133 1348 1263 1408 qua
1307 1348 1438 1391 non
1477 1328 1679 1404 sexui,
1728 1348 1861 1390 non
1908 1329 2123 1405 aetati,
2173 1350 2311 1392 non

426 1419 687 1477 [li-mum
732 1416 934 1480 foetui
976 1416 1048 1480 in
1090 1424 1271 1480 utero
1307 1436 1575 1498 *parsum
1621 1420 1735 1478 est.
1831 1416 2020 1493 Talis,
2070 1418 2321 1505 inquitg

426 1503 751 1567 salamitae
781 1524 894 1567 vos
926 1524 1183 1584 quoque
1215 1506 1510 1586 excipiet.
1590 1504 1692 1567 Sic
1723 1505 1903 1567 enim
1931 1507 2270 1587 subiungit
2291 1531 2309 1568 ε

514 1623 610 1735 IN
687 1628 903 1690 hunc
960 1627 1274 1692 modum
1341 1629 1598 1692 faciet
1677 1629 1909 1693 vobis
1964 1630 2313 1707 Bethm,

603 1722 922 1798 propter
987 1719 1402 1798 ingentem
1461 1717 1865 1781 maliciam
1921 1724 2309 1796 vestram,

514 1826 652 1867 rex
694 1806 960 1869 Israel
1007 1808 1272 1874 subito
1320 1808 1645 1889 penitus
1677 1805 2199 1871 excindetur.

426 1931 649 2035 Vocat
685 1931 950 2033 RethEL
972 1952 1199 2034 ‘quam
1246 1952 1442 2012 supra
1484 1931 1880 2033 Beth-Auen,
1929 1931 2044 1994 ubi
2083 1934 2315 2035 ,cultus

554 2020 737 2081 vltuh
793 2041 831 2083 a
890 2042 1098 2102 primo
1153 2021 1486 2084 Ierobeam
1538 2025 1876 2083 1nst1tutus
1941 2025 2057 2083 est.
2165 2022 2310 2084 Etsl

422 2128 498 2168 en
514 2112 595 2168 im
656 2115 867 2173 totum
933 2131 1204 2191 regnum
1260 2111 1460 2174 Israel
1516 2108 1598 2172 ab
1653 2109 1917 2189 Assyrio
1977 2116 2314 2174 vastatum
2383 2130 2395 2139 ·

422 2208 546 2268 fauet,
604 2202 825 2260 tamen
885 2200 1026 2261 loca
1084 2199 1308 2280 impiis
1367 2199 1647 2262 cultibus
1705 2197 1987 2278 insignia
2044 2200 2314 2279 gravius

422 2286 624 2364 afiligi
670 2285 828 2349 deus
875 2288 1096 2351 voluit.

596 2375 764 2438 Nota
828 2377 1080 2457 phrasis
1148 2382 1245 2439 est
1261 2425 1274 2452 ,
1359 2375 1533 2455 quod
1601 2376 1762 2439 dicit
1827 2396 2045 2455 regem
2115 2397 2316 2440 mane

426 2462 926 2543 prandendum,
976 2465 1298 2546 significat
1342 2464 1518 2527 enim
1559 2465 1847 2528 subitum
1893 2471 1958 2527 et
2001 2464 2309 2548 improvi-

422 2572 566 2612 .-·1.u1i
611 2555 901 2616 exitium.

596 2641 722 2703 Hic
767 2642 1097 2705 idolatriae
1143 2648 1209 2705 et
1252 2642 1602 2723 impiorum
1649 2642 1942 2704 cultuum
1987 2643 2140 2706 finis
2186 2649 2307 2720 est,

424 2748 538 2788 nm:
586 2727 855 2789 dubium
902 2737 1016 2805 est,
1081 2731 1240 2809 quin
1286 2731 1634 2793 Germania
1679 2731 2000 2794 similibus
2048 2732 2303 2794 calami-

426 2816 660 2877 tatibus
707 2816 1053 2896 aliquando
1101 2820 1435 2894 obruetur,
1502 2819 1558 2880 si
1603 2820 1808 2901 impia
1853 2821 2304 2902 episcoporum

2406 0 2550 340 ‘l

422 2916 482 2964 1:²1:
538 2905 1034 2970 sacrificulorum
1080 2908 1296 2984 turba,
1367 2908 1561 2972 verbo
1608 2914 1673 2971 et
1733 2929 1925 2972 sanae
1973 2909 2308 2974 doctrinae
2397 2947 2410 2956 ·

426 3016 550 3056 um]
596 2996 1003 3074 acquieverit.

1300 3228 1414 3290 XI.

586 3369 683 3410 VM
728 3351 977 3413 Israel
1032 3371 1222 3432 puer
1282 3356 1527 3428 esset,
1593 3314 2028 3432 diligebam
2090 3372 2297 3428 eum,

616 3445 690 3502 et
735 3458 826 3501 ex
869 3441 1235 3521 Aegypto
1281 3441 1656 3503 vocabam
1704 3460 1894 3504 eum.

466 3560 786 3626 *filhaerent
838 3565 998 3627 haec
1044 3584 1195 3626 cum
1241 3563 1676 3643 superioribus
1691 3614 1706 3642 ,
1768 3570 1866 3629 est
1909 3565 2086 3626 enim
2134 3565 2290 3627 eius·

526 3652 675 3714 dem
721 3653 1082 3732 argumenti
1128 3653 1468 3733 prophetia
1483 3702 1496 3729 ,
1545 3653 1674 3716 nisi
1719 3653 1891 3733 quod
1935 3653 2047 3716 hic
2063 3703 2076 3730 ‚
2129 3654 2292 3717 sicut

418 3760 608 3820 supra
638 3759 894 3819 quoque
926 3741 1262 3821 aliquoties
1295 3740 1465 3818 fecit,
1499 3748 1958 3806 commemorat
1986 3741 2292 3804 dominus
