2575 4225
223 280 287 345 294
550 277 657 359 Caput
679 280 831 357 quartum

219 455 386 568 Hoc-est,
411 455 664 519 cumulabuntur
680 455 786 517 omnis
811 454 935 533 generis
958 453 1062 517 malis.
1104 456 1163 517 De·
1277 471 1279 517 r

226 592 229 598 ·
291 552 400 609 ament
422 544 593 607 commoda
614 543 672 628 illa
699 542 844 624 priorum
871 548 1071 623 temporum,
1103 554 1163 608 nec
1274 598 1279 641 4,

219 635 280 699 erit
301 634 441 716 amplius
469 633 548 696 felix
573 632 753 696 fornicatio.
798 630 986 695 Praedioant
1015 632 1164 714 papistae
1273 652 1279 707 ⁴,

221 723 346 799 missas,
364 723 614 804 supplicationes
630 722 775 803 publicas
790 721 997 789 inhonorem
1013 720 1164 785 divorum

217 812 398 887 institutas,
429 811 570 875 necdum
590 812 633 875 ab
662 812 724 873 hac
751 810 962 873 fornicatione
991 809 1163 877 desistunt,
1278 874 1279 883 ,

219 900 336 965 Adhuc
359 907 475 981 urgent
496 902 556 963 hos
579 901 684 963 cultus
707 900 743 963 in
766 898 1165 981 publicis1psrin11is,sed

219 990 304 1059 sicut
332 991 490 1071 propheta
517 990 610 1065 dicit,
653 989 760 1065 ,hisnu
783 989 854 1051 velo
882 988 1036 1069 yphrozu‘
1067 988 1164 1053 forni-

218 1084 347 1155 cantur,
376 1079 433 1142 sed
456 1084 533 1142 sunt
554 1078 714 1155 infelices,
747 1098 813 1141 non
837 1084 1053 1157 assequuntur
1076 1078 1165 1159 quod
1278 1150 1279 1153 Ἴ

218 1169 340 1233 volunt.
392 1169 635 1249 Immerguntur
663 1166 703 1231 de
734 1166 787 1229 die
817 1166 853 1229 in
883 1165 972 1229 diem
1001 1167 1098 1230 altius
1127 1168 1166 1231 in
1276 1170 1279 1203 ⁴

218 1258 362 1339 pericula
384 1264 417 1322 et
439 1257 653 1333 calamitates,
682 1256 766 1319 sicut
788 1254 931 1319 ostendit
953 1256 1163 1339 experientia.
1267 1264 1279 1340 g]

218 1346 314 1419 Quod
344 1346 372 1409 si
399 1347 542 1410 obmissa
570 1346 719 1409 idolatria
746 1346 952 1409 observarent
981 1344 1164 1423 dominum,

218 1434 280 1499 hoc
307 1442 371 1509 est,
400 1435 429 1497 si
460 1435 727 1517 amplecterentur
758 1453 872 1497 senam
902 1433 1099 1511 doctrinam,
1131 1441 1165 1498 et
1278 1506 1279 1519 χ

218 1522 529 1588 idolatricoscultus
551 1524 754 1603 corrigerent,
775 1527 892 1586 essent
913 1522 1081 1617 feliciores,
1105 1524 1166 1587 sed
1277 1520 1279 1549 ¹

218 1611 282 1675 hoc
303 1632 371 1675 non
394 1612 537 1689 credunt,
561 1612 671 1694 itaque
694 1612 855 1694 peribunt.
1145 1623 1148 1628 ·

261 1787 502 1942 Fornicatio
530 1798 568 1855 et
600 1790 740 1855 vinum
768 1796 806 1856 et
839 1796 1017 1853 mustum
1056 1790 1165 1855 aufe·
1277 1796 1279 1815 ⁴

320 1899 393 1942 run
435 1900 512 1945 cor.
598 1902 601 1907 ·
1277 1900 1279 1919 ¹

217 2052 425 2166 *Hactenus
447 2020 606 2140 propheta
620 2058 885 2124 commemoravit
908 2058 943 2121 in
958 2076 1074 2138 genere
1094 2073 1164 2142 pec
1276 2082 1279 2118 ,¹

236 2161 239 2168 ·
317 2154 404 2224 cata,
440 2154 512 2210 tum
540 2149 655 2230 populi
679 2153 750 2210 tum
781 2147 984 2212 sacerdotum
1012 2166 1072 2211 seu
1111 2149 1164 2213 do
1276 2179 1278 2184 ¹

218 2241 352 2312 clarum,
380 2242 414 2299 et
434 2235 563 2298 addidit
585 2255 714 2316 quoque
737 2236 778 2299 de
800 2236 924 2319 poenis.
951 2236 1047 2300 Nunc
1070 2257 1165 2320 pecu·

216 2323 329 2388 lisrem
352 2325 540 2388 concionem
554 2325 698 2388 institnit
720 2324 761 2389 de
776 2324 996 2402 fornicatione,
1021 2326 1084 2390 hoc
1105 2334 1163 2404 est,

217 2413 259 2477 de
281 2413 444 2491 idolatria,
476 2432 554 2478 nam
576 2415 735 2496 propheta
756 2415 817 2479 hoc
840 2434 917 2496 prae
944 2414 1077 2495 reliquis
1102 2417 1164 2480 sin.-

217 2503 326 2582 gulare
348 2503 456 2580 habet,
481 2503 570 2585 quod
592 2503 747 2568 acerrime
769 2503 945 2567 insectatur
966 2501 1162 2582 idolatriam,
1181 2529 1185 2542 ¹

217 2597 375 2671 tanquam
393 2593 642 2673 caputpeccati.
690 2593 779 2656 Sicut
800 2592 889 2658 enim
904 2591 1003 2655 fidem
1027 2612 1088 2658 ceu
1110 2589 1167 2658 bo'

217 2697 296 2742 nam
324 2680 471 2743 arborem
493 2681 572 2743 boni
602 2681 726 2746 fructus
740 2687 945 2764 sequuntur,
972 2680 1020 2744 itu
1046 2681 1164 2746 falsam

217 2766 380 2845 fiduciam,
405 2787 488 2849 quae
505 2768 660 2833 idolatria·
670 2777 727 2848 est,
752 2777 932 2852 sequuntur
946 2770 1053 2834 omnis
1070 2791 1163 2853 gene-

217 2856 261 2919 ris
284 2863 426 2940 peccata.
555 2875 559 2878 ’
869 2935 871 2940 Ι
1108 2879 1111 2882 ·
1143 2895 1148 2901 -

311 2940 416 3011 ¹Solet
430 2953 540 3010 autem
552 2947 638 3012 'haec
655 2948 815 3013 sententia
830 2969 898 3012 non
912 2967 982 3012 raro
998 2949 1164 3014 etiamde

216 3033 427 3099 fornicatione
460 3037 581 3100 carnali
613 3039 714 3103 citari.
768 3037 834 3102 Nec
862 3039 974 3122 inepta
1000 3041 1165 3104 sententia

216 3129 278 3200 est,
306 3129 384 3186 nam'
406 3126 555 3208 exempla
573 3126 707 3205 docent,
728 3124 945 3198 troc-'scelere
967 3129 1165 3192 constrictos

216 3212 300 3274 nihil
327 3213 446 3276 habere
468 3215 580 3296 pensi,
601 3215 660 3278 sed
686 3217 781 3297 quasi
803 3223 948 3281 amentes
970 3235 1062 3280 ruere
1087 3238 1164 3298 quo-

216 3320 343 3382 cunqne
366 3302 553 3366 malesuada
579 3304 681 3368 libido
707 3304 855 3386 impellit.
902 3303 945 3367 Ilt
966 3305 1172 3388 prophetam.
1274 3317 1276 3344 ²

89 3425 97 3435 --
215 3389 394 3454 similitudo
426 3396 499 3455 tum
531 3393 721 3458 affectuum·
741 3400 813 3484 tum
850 3393 950 3458 etiem
982 3401 1134 3459 eventurn

221 3611 228 3622 ·
265 3583 268 3588 ’
305 3583 694 3654 nanniano-‘spiritualis
713 3589 743 3642 et
761 3585 934 3654 corporalis·
960 3623 963 3627 -
1035 3637 1045 3644 ,
1088 3603 1093 3610 ·
1129 3589 1130 3596 ’

1077 3698 1133 3706 ——

303 3761 330 3830 1Ι)
348 3744 494 3830 Ιηίηως.
510 3763 574 3819 coll.
592 3764 661 3820 Ian:
681 3763 788 3822 sonoro
803 3763 843 3825 de
860 3758 1060 3822 fornicatione
