2575 4225
5 8 26 175 l

5 259 10 458 l

438 266 564 329 Hoseae
586 266 772 348 prophetae.
1013 268 1075 333 293

222 441 391 507 Sententia
418 444 601 524 igiturest,
631 444 719 524 quod
743 442 921 507 sacerdotes
944 453 1077 527 questus

6 525 7 530 ’
131 534 183 596 sui
205 552 306 595 causa
327 532 487 595 docebant
501 534 659 615 populum
679 534 845 596 sacrifieiis
865 534 985 596 aboleri
1008 530 1076 616 pec'·

6 681 7 686 ,
132 630 213 687 cata.
262 621 353 685 Siout
366 621 465 684 hodio
486 622 633 703 papistae
656 622 782 698 docent,
807 622 847 685 de
871 622 998 687 iusticia
1020 642 1079 706 per

6 769 8 804 ;
131 711 250 777 Missas
279 718 313 775 et
345 711 564 791 eleemosynas
592 711 828 792 consequenda.
891 713 942 773 Ex
978 732 1015 775 ea
1044 734 1079 776 re

132 807 267 881 questus
296 806 365 862 erat
390 800 580 863 uberrimus.
626 803 735 881 Atque
764 802 825 864 hoe
854 808 916 877 est,
947 790 1100 883 peccata'

132 890 246 972 populi
283 888 465 966 comedere,
505 896 538 953 et
570 888 753 952 desiderare
786 896 917 971 peccata
954 893 1077 972 populi,

133 985 226 1042 erant
248 978 336 1041 enim
364 985 497 1059 peccata
519 980 644 1041 occasio
673 978 815 1059 plurium
838 978 1076 1043 sacrificiorum.

225 1067 278 1130 Sic
295 1067 382 1149 apnd
397 1088 457 1130 nos
479 1067 540 1130 sub
556 1074 688 1149 papatu,
713 1087 788 1130 oum
811 1067 969 1131 creditum
984 1076 1077 1144 esset,

6 1159 8 1238 ζ
131 1156 248 1221 caedes
278 1156 403 1238 expiari
431 1157 670 1236 pereginatione
702 1162 851 1239 suscepta
877 1155 919 1219 ad
942 1158 1078 1220 Romam

6 1309 8 1318 ,
134 1253 191 1309 ant
206 1246 466 1328 Compostellam
490 1246 710 1325 gratissimum
726 1245 789 1309 fuit
809 1244 954 1328 papistia
980 1265 1079 1327 quam

132 1336 293 1418 plurimos
326 1352 396 1397 esse
430 1334 620 1397 homicidas.
678 1334 761 1397 (lum
796 1342 881 1398 esset
909 1335 1079 1411 creditum,
1132 1338 1141 1347 “

6 1417 8 1502 s
134 1426 282 1506 graviora
308 1428 441 1506 peccata
469 1425 575 1487 sanari
598 1423 823 1505 indulgentiis,
852 1425 1014 1488 maximus
1044 1425 1080 1487 in

6 1513 7 1596 ff
134 1534 174 1577 eo
196 1513 399 1595 papistarum
422 1520 554 1593 questus
578 1513 657 1589 fuit,
689 1515 717 1576 si
747 1534 846 1594 quam
874 1513 1006 1595 plurimi
1033 1513 1079 1575 in·

6 1637 7 1680 1
135 1605 243 1684 signes
267 1609 449 1683 peccatores
470 1609 586 1665 essent.
634 1602 730 1680 Quin,
759 1601 847 1682 quod
870 1602 968 1666 etiam
991 1602 1080 1665 dictu

5 1689 9 1944 l

5 1949 11 2161 ι

134 1699 230 1772 turpe
245 1696 304 1767 est,
329 1691 488 1773 episcopis
510 1692 589 1754 utile
612 1691 676 1755 fuit
691 1690 870 1755 sacerdotes
893 1690 1079 1773 turpissime

131 1783 256 1858 uiuere,
284 1798 362 1841 nam
385 1800 426 1842 ex
448 1780 637 1843 concubinis
660 1786 729 1844 erat
751 1785 883 1859 questus
906 1781 1080 1841 maximus.

135 1870 199 1933 Sed
222 1868 303 1951 quid
326 1869 485 1952 propheta
506 1869 547 1932 de
571 1870 638 1932 suis
662 1869 902 1933 sacerdotibus?

219 2128 304 2186 rcut
344 2122 520 2203 populus
553 2127 630 2196 est,
678 2120 738 2184 sic
773 2125 836 2184 est
875 2119 1080 2186 sacerdos.

182 2277 187 2284 ,
225 2211 368 2291 ›Igitur
409 2211 587 2275 visitabo
620 2228 685 2272 eos
723 2208 839 2275 iuxta
872 2210 958 2274 vias
987 2209 1081 2284 eiua,

182 2307 305 2382 atque
328 2300 459 2364 studia
481 2300 569 2363 eius
592 2297 756 2364 reddam
779 2298 825 2360 ei.

7 2592 9 2609 ‚
138 2529 253 2646 Quam
280 2528 363 2595 belle
393 2527 503 2594 omnia
532 2529 694 2611 quadrant
717 2529 759 2592 ad
787 2535 896 2592 nostra
924 2535 1085 2611 tempora*

199 2617 349 2703 Papistae
364 2620 486 2684 iactant
504 2619 706 2701 superiorum
722 2625 905 2701 temporum
921 2638 1034 2700 paoem
1049 2625 1082 2682 et

7 2678 10 2725 γ’
137 2709 320 2787 commoda,
338 2729 438 2792 eaque
454 2708 602 2780 tribuunt
618 2709 685 2772 suis
702 2707 841 2772 cultibus
857 2711 890 2771 et
904 2707 1081 2771 idolatriae.

136 2795 199 2862 Sed
224 2798 252 2861 si
275 2817 406 2862 causam
429 2818 539 2863 veram
562 2797 655 2861 istius
682 2818 847 2860 successus
870 2803 963 2877 optas
990 2797 1079 2873 scire,

8 2925 10 2978 ἐ
135 2888 227 2949 nulla
243 2887 376 2965 aliaest,
393 2907 495 2968 quam
507 2886 594 2968 quod
609 2881 762 2950 dominus
775 2892 845 2949 tum
858 2894 924 2947 n‘on
942 2884 1084 2948 visitavit

9 2980 10 3007 ¹
135 2982 270 3058 peccata
293 2977 415 3040 etuias
438 2996 559 3038 eorum.
607 2975 725 3038 Tenuit
748 2974 840 3054 quasi
864 2974 987 3035 clausos
1010 2992 1081 3035 ocu·

134 3065 199 3141 los,
225 3071 259 3127 et
280 3063 344 3129 fuit
366 3065 481 3128 similis
504 3085 570 3127 non
593 3064 733 3139 videnti,
762 3063 819 3126 sed
842 3082 908 3126 non
931 3061 1080 3124 dormita-

136 3152 185 3217 bit
207 3173 313 3236 neque
342 3153 480 3217 dormiet
505 3160 670 3235 perpetuo.
723 3151 817 3215 Nunc
844 3155 953 3214 autem
981 3147 1084 3230 aperit

10 3250 12 3327 g
135 3242 256 3319 oeulos,
281 3249 313 3306 et
335 3243 484 3307 retribuit
506 3242 660 3320 idolatrie,
693 3241 776 3306 sicut
797 3237 852 3304 hic
874 3239 983 3303 Israeli
1007 3258 1081 3318 quo-

11 3365 12 3403 l

11 3466 12 3507 l

11 3514 13 3545 l

11 3576 13 3627 l

140 3351 200 3394 ”e
218 3332 376 3409 minatur.

219 3559 406 3627 omedent
421 3570 459 3627 et
473 3582 554 3626 non
570 3563 887 3639 saturabuntur,
910 3559 1083 3624 fornica·

238 3651 388 3715 buntur
417 3659 458 3715 et
488 3672 567 3715 non
598 3650 793 3714 succedet
821 3670 864 3714 eo
891 3650 998 3730 quod
1021 3650 1084 3713 dc-

204 3741 336 3826 ierunt
358 3742 579 3806 observare
601 3740 817 3804 dominum.
