2575 4225
355 300 360 309 ·
450 266 576 329 Hoseae
599 269 783 349 prophetae.
1021 268 1087 333 287

219 441 381 504 'Minatur
410 448 519 505 autem
555 444 708 507 dominus
737 446 799 527 hoe
828 446 863 508 in
892 447 977 523 loco,
1017 453 1088 513 tum

145 531 283 611 populo,
306 535 379 593 tum
400 532 581 612 prophetis,
595 533 762 613 ,futurum
786 540 824 597 ut
846 531 991 598 cadant.l
1041 540 1091 600 Ac

146 619 234 698 quod
261 618 303 683 de
336 619 501 699 prophetis
534 622 613 683 dicit
642 628 735 686 nocte
765 643 919 700 casuros‚-
948 626 1089 691 ostendit

147 707 313 787 allegorice
343 707 550 771 durissimam
581 710 871 789 circumstantiam,
901 714 1087 793 quodcum

148 796 368 878 apprehendet
409 816 464 859 eos
513 800 692 877 calamitas,
740 802 838 863 etiam
876 803 1093 865 conscientiae
1158 792 1159 799 ἵ

148 887 251 949 malae
275 886 416 948 stimulis
429 888 689 966 exagitabuntur,
715 890 802 968 quod
817 896 946 955 tantum
969 894 1092 955 ventris

146 976 196 1038 sui
211 994 309 1037 causa
323 975 360 1037 in
375 979 504 1039 tantum
518 976 693 1041 discrimen
708 976 903 1041 adduxerint
918 981 1088 1061 populum.

188 1151 369 1233 Populus
391 1172 501 1216 meus
515 1154 633 1235 perit,
659 1155 753 1235 quia
773 1156 941 1219 estsine
957 1158 1087 1221 verbo.

198 1354 241 1397 ec
264 1340 362 1415 eaput
385 1332 463 1395 mali
486 1339 547 1408 est,
572 1333 702 1412 quando
726 1333 806 1397 deus
827 1334 962 1397 verbum
985 1336 1087 1399 mittit

217 1423 416 1487 otmundus
438 1421 472 1484 id
496 1421 647 1502 amplecti
669 1428 808 1498 recusat,
833 1442 871 1485 ac
893 1424 1010 1487 retinet
1032 1446 1087 1505 po-

143 1513 208 1575 tius
247 1511 402 1575 usitatam
436 1510 627 1575 idolatriam.
692 1511 732 1573 In
763 1512 888 1574 Ebraeo
925 1515 1085 1576 sententia

142 1602 223 1663 mire
252 1600 391 1664 rotunda
419 1605 452 1662 et
474 1600 601 1679 elegans
628 1605 678 1661 est
706 1599 837 1675 ,Nidmu
864 1603 965 1663 ammi
991 1603 1087 1665 mibli

141 1690 295 1752 hadaath‘
320 1689 459 1770 populus
481 1708 574 1751 meus
588 1693 733 1751 vastatus
755 1694 805 1751 est
827 1689 895 1751 sine
918 1687 1082 1753 scientia}
1139 1708 1145 1719 ·

142 1778 301 1841 Scientiae
329 1778 417 1840 enim
447 1778 653 1853 vocabulum,
682 1783 719 1839 ut
746 1797 843 1858 supra
873 1778 997 1841 dictum
1026 1786 1084 1854 est,

141 1872 317 1948 usurpatur
339 1887 397 1947 pro
413 1866 533 1929 noticia
555 1865 616 1941 dei,
640 1867 721 1928 haec
744 1886 819 1928 cum
834 1886 875 1928 ex
898 1867 965 1931 solo
987 1870 1088 1930 verbo

142 1956 195 2018 dei
217 1956 321 2037 possit
342 1955 410 2036 peti
432 1955 551 2018 retinui
572 1955 662 2017 verbi
688 1955 950 2036 appellationem,
987 1976 1086 2035 quan-

141 2064 242 2125 quam
277 2045 437 2127 propheta
470 2063 536 2106 non
570 2044 633 2106 hoc
668 2043 761 2120 dicit,
802 2044 890 2124 quod
926 2045 1087 2107 carnerint

140 2154 271 2216 prorsus
294 2135 391 2198 verbo
414 2133 471 2196 sed
494 2133 582 2213 qued
604 2153 679 2195 cum
701 2133 857 2196 haberent
879 2134 1022 2210 verbum,
1049 2135 1085 2196 id

140 2223 307 2286 noluerint
334 2223 495 2304 amplecti.
541 2222 662 2284 Similis
686 2223 846 2297 sententia
872 2223 977 2285 estin
1001 2224 1086 2286 Salo-¹

139 2306 274 2375 mone:³
302 2312 367 2374 Ubi
386 2333 452 2374 non
475 2317 524 2374 est
538 2311 718 2392 prophetia,
742 2311 918 2392 dissipatur
933 2313 1085 2393 populus.

141 2401 185 2465 Et
207 2401 303 2464 docet
324 2401 412 2463 idem
427 2401 528 2463 Amos
551 2419 690 2480 quoque,
715 2420 790 2462 cum
809 2401 952 2462 minatur
975 2401 1085 2463 samen

140 2510 208 2552 non
239 2490 343 2571 panis.
392 2490 496 2568 Igitur
530 2488 693 2569 principes
720 2494 753 2551 ct
783 2488 964 2568 respublica
996 2489 1087 2552 verbi

141 2578 267 2641 donum
289 2577 451 2640 debebant
465 2576 653 2653 exosculari,
680 2577 743 2640 hoc
765 2577 853 2639 enim
876 2583 933 2640 aut
956 2577 1086 2654 amisso,

141 2672 199 2731 aut
221 2667 421 2747 negligenter
442 2667 563 2743 habito,
588 2672 674 2730 certa
696 2667 828 2730 vastitas
851 2665 1004 2746 sequitur.

186 2843 294 2960 Quia
320 2851 362 2908 tu
391 2843 577 2907 abiecisti
606 2844 788 2919 verbum,
826 2863 895 2923 ego
931 2863 1087 2923 quoquc

247 2933 440 2995 abiiciam
463 2939 518 3009 te,
543 2952 589 2994 ne
613 2933 665 2995 sis
689 2951 797 2994 meus
821 2931 1022 3006 sacerdos,
1047 2938 1088 2994 et

188 3022 453 3102 quiaoblitus
476 3021 632 3101 eslegis
656 3021 719 3082 dei
744 3021 818 3097 tui,
843 3039 913 3098 ego
930 3039 1088 3098 quoque

188 3110 412 3174 obliviscar
434 3111 621 3173 filiorum
643 3115 811 3172 tuorum.

194 3307 249 3350 aec
273 3294 323 3351 est
344 3288 444 3353 altera
468 3307 542 3369 pars
565 3286 841 3368 expostulationis
868 3285 992 3366 inqua
1015 3307 1087 3366 pro·

216 3378 286 3458 prie
309 3379 492 3458 expostulat
513 3397 587 3440 cum
615 3375 834 3438 sacerdotibus
856 3376 973 3438 horum
996 3375 1083 3436 enim

169 3467 354 3548 raecipuum
376 3466 520 3528 officium
543 3472 600 3541 est,
624 3465 736 3527 docere
760 3465 940 3540 ecclesiam,
965 3469 998 3526 et
1017 3484 1088 3526 non

178 3555 248 3617 lum
270 3554 438 3617 instituere
460 3575 551 3617 veros
574 3555 688 3630 cultus,
717 3553 773 3615 sed
796 3553 894 3615 etiam
918 3557 1087 3633 amputare

234 3746 260 3813 1)
281 3745 419 3800 corruere
436 3745 468 3798 in
486 3749 576 3800 noete.
613 3744 641 3814 2)
662 3745 793 3800 Scientia.
829 3741 858 3812 3)
883 3742 1017 3800 Proverb.
1040 3743 1086 3798 29.
