2575 4225
186 210 252 275 312
519 214 624 296 Caput
645 214 798 295 quintum

184 390 284 455 etiam
307 397 440 454 externa
463 392 648 456 obedientia
671 390 898 455 sacrificiorum
927 396 961 455 et
990 368 1131 456 aliorum

186 499 323 562 operum
345 480 459 562 placet.

232 654 321 765 Eco
351 659 446 722 novi
473 657 692 739 Ephraym,
728 662 766 720 et
794 656 926 720 Israel
956 678 1038 721 non
1071 664 1132 723 est

296 745 564 810 absconditus
587 766 694 823 ame,
720 746 1133 826 quoniamnuncfor-

231 834 400 899 nicetus
424 856 466 899 es
489 836 700 918 Ephraim,
724 841 764 898 et
785 835 913 898 Israel
935 837 1133 899 contami-v

231 928 354 989 natus
377 932 442 989 est.

155 1098 163 1107 ’
187 1098 296 1211 Hanc
319 1108 396 1165 nota
418 1108 495 1165 sunt
517 1121 558 1165 ex
580 1100 1014 1184 superioribus,‘expr0brat
1041 1103 1132 1165 enim

262 1192 308 1255 eis
323 1191 515 1268 idolatriam,
540 1191 810 1273 qualpoliuuntnr
824 1197 949 1255 mentes
965 1197 997 1255 et
1019 1193 1134 1254 omnia

190 1300 295 1363 opera.

232 1458 317 1519 Non
340 1455 439 1520 dant
461 1476 621 1539 operam
649 1477 773 1536 suam,
802 1464 845 1523 ut
872 1464 1134 1521 revertantur

233 1545 282 1609 ad
311 1545 430 1609 deum
461 1564 590 1623 suum,
621 1547 818 1627 quoniam
849 1547 1026 1629 spiritus
1051 1547 1131 1609 for-

232 1634 489 1698 nicationum
512 1635 639 1698 estin
661 1635 790 1707 medio
814 1655 963 1711 eorum,
996 1642 1036 1699 et
1066 1636 1133 1699 do·

233 1724 384 1787 minum
407 1744 484 1787 non
506 1731 662 1789 norunt.

189 1900 374 2019 Qvomodo
401 1901 487 1966 hoc?
532 1904 656 1965 Tamen
683 1923 749 1965 non
776 1908 913 1985 parcunt
939 1922 999 1965 nec
1027 1904 1132 1966 labori

249 2012 309 2055 nec
332 1992 525 2074 sumptibus,
549 1998 587 2056 ut
605 1991 778 2055 ostendant
793 1991 943 2054 omnibus
960 2010 993 2054 se
1008 1992 1134 2073 religio-

189 2073 434 2158 nis'studiosos,
459 2087 491 2146 et
513 2081 566 2145 dei
588 2083 793 2147 observantes
809 2100 886 2144 esse.
926 2081 998 2144 Hoc
1013 2086 1135 2145 testan-

189 2176 242 2233 tur
264 2171 402 2252 templa,
434 2171 604 2247 sacrificia,
628 2171 798 2234 conciones
821 2175 854 2234 et
876 2169 947 2232 eiia.
995 2169 1058 2233 Sed
1081 2191 1131 2235 ve-

190 2278 263 2322 rum
287 2265 336 2323 est
363 2259 539 2340 prophetae
569 2259 745 2336 iudicium,
776 2258 864 2341 quod
892 2279 958 2321 non
989 2260 1137 2340 cogitant

190 2349 305 2414 reverti
328 2347 370 2411 ad
393 2347 501 2425 deum,
525 2354 558 2412 et
580 2347 751 2412 dominum
774 2368 840 2411 non
863 2348 995 2411 student
1017 2368 1134 2429 cogno-

191 2457 286 2500 scere.
332 2437 446 2502 Aversi
468 2437 566 2518 igitur
589 2442 666 2521 sunt
688 2457 708 2500 a
730 2436 819 2515 deo,
839 2441 872 2500 et
894 2436 946 2499 dei
976 2437 1134 2500 noticiam

191 2547 257 2590 non
279 2526 411 2589 habent.
597 2518 601 2526 ’
838 2541 843 2546 ’

284 2609 393 2677 ¹Sicut
409 2614 509 2694 igitur
523 2632 622 2696 supra
637 2613 803 2679 damnavit
818 2612 999 2678 idolatrieos
1014 2615 1135 2695 cultus,

190 2703 237 2765 ita
251 2701 306 2763 hic
321 2701 462 2765 ostendit
477 2701 534 2782 qui
549 2702 616 2765 sint
629 2703 697 2766 veri
712 2704 827 2780 cultus,
844 2703 973 2779 scilicet,
991 2705 1152 2788 converti,

191 2791 233 2853 ad
249 2789 356 2867 deum,
374 2796 406 2854 et
416 2810 511 2854 nosse
523 2789 631 2868 deum,
644 2791 706 2854 hoc
718 2798 776 2870 est,
789 2791 900 2854 audire
912 2791 1047 2855 verbum
1060 2799 1093 2856 et
1104 2793 1134 2855 ei

191 2880 422 2960 obtemperare.
468 2879 572 2960 Igitur
593 2881 630 2942 in
653 2900 690 2944 eo
713 2881 823 2944 omnia
846 2886 922 2943 sunt
943 2881 1067 2962 posita,
1096 2887 1139 2944 ut

190 2970 325 3033 verbum
341 2969 521 3047 audiamus,
544 2975 577 3032 et
592 2969 622 3032 ei
636 2971 904 3051 obtemperemus.
944 2970 1029 3031 Tum
1045 2970 1134 3032 enim

191 3079 258 3121 non
281 3064 461 3121 avertemur
484 3078 503 3120 a
526 3058 595 3135 deo,
619 3078 687 3121 non
710 3077 882 3138 sequemur
904 3063 1029 3121 nostras
1052 3059 1137 3139 cogi²

191 3146 346 3225 tationes,
370 3168 438 3210 non
460 3147 525 3228 ipsi
546 3146 642 3210 nobis
665 3147 823 3227 fingemus
847 3147 968 3224 cultus,
998 3147 1056 3210 sed
1080 3159 1145 3212 em

192 3236 297 3299 cultus
335 3236 541 3317 pertinaciter
585 3237 825 3313 retinebimus,
858 3256 939 3317 quos
984 3236 1138 3299 videmus

192 3323 320 3388 ostendi
342 3331 375 3387 et
396 3323 545 3387 mandari
567 3324 674 3387 verbo.
720 3325 792 3387 Hoc
823 3324 850 3386 si
879 3342 964 3406 papa
991 3324 1135 3400 fecisset,

192 3434 258 3476 non
280 3413 453 3476 missarum
474 3412 703 3494 prophanatio,
734 3432 800 3476 non
822 3417 1007 3475 sanctorum
1034 3413 1138 3476 idola—

191 3502 271 3564 trica
293 3502 462 3578 invocatio,
487 3521 554 3564 non
569 3502 650 3564 aliae
665 3501 785 3584 impiae
801 3502 1019 3565 caeremoniae
1034 3503 1071 3564 in
1086 3521 1137 3564 ec-

283 3690 310 3758 1)
328 3691 398 3746 Veri
417 3670 512 3748 cuitus
530 3693 647 3748 obedire
664 3693 752 3750 verbo
770 3693 826 3748 dei.
