2575 4225
213 254 280 316 288
545 252 651 333 Caput
673 258 825 332 quartum

212 429 379 505 seandala,
408 435 441 491 et
468 428 591 507 hortari
613 430 771 510 populum
800 428 841 491 ad
872 398 1017 491 sanatam
1043 427 1157 489 vitam.

213 519 278 580 Sed
301 519 384 580 nihil
405 517 515 579 minus
537 523 648 598 agunt,
672 517 780 597 inquit
798 518 916 580 Hosea.
962 516 1067 596 Igitur
1089 536 1158 598 per·

212 608 291 669 dam
314 626 368 669 eos
391 624 534 686 quoqne,
564 626 624 669 nec
647 606 827 671 sublevabit
849 624 903 669 eos
930 605 1157 680 ministerium,
1281 610 1282 633 *

215 697 252 758 in
275 716 340 775 quo
363 699 449 760 sunt.
522 715 524 718 ·

309 780 386 847 ¹Est
421 791 531 847 autem
559 785 614 847 hio
646 786 735 847 locus
772 783 890 863 dignus
925 783 1158 859 observatione,

216 894 282 936 non
311 874 416 937 solum
445 873 534 935 enim
563 874 693 950 Iudaei,
729 872 902 935 ministerii
935 872 1096 951 dignitate
1125 890 1161 933 se

213 964 400 1038 tuebantar,
430 963 516 1025 siout
538 963 687 1043 exempla
715 962 949 1042 prophetarum
974 960 1160 1036 ostendunt,
1224 990 1225 995 ¹

214 1052 335 1131 quibus
359 1051 478 1115 fiducia
499 1052 672 1113 ministerii
688 1050 867 1113 sacerdotes
891 1070 925 1112 se
941 1050 1160 1131 opponebant,
1280 1050 1282 1131 J

214 1141 310 1220 quasi
338 1160 405 1203 non
437 1146 547 1221 posset
575 1139 679 1221 perire
712 1140 766 1201 lex
797 1158 816 1200 a
843 1137 1020 1214 sacerdote,
1056 1157 1163 1217 neque
1279 1168 1282 1193 t

215 1229 388 1291 eonsilium
411 1248 430 1289 a
453 1229 606 1309 sapiente,
630 1248 691 1291 neo
715 1247 819 1290 sermo
842 1246 862 1288 a
882 1226 1050 1307 propheta.
1098 1225 1164 1289 Sed
1280 1228 1282 1263 ³

214 1319 278 1379 hoo
308 1317 395 1379 idem
430 1317 555 1381 faciunt
587 1317 685 1380 hodie
717 1316 880 1398 pontifex,
925 1315 1102 1377 cardinales
1130 1322 1166 1378 et

214 1406 374 1486 episcopi,
424 1412 582 1486 usmpant
621 1408 710 1468 enirn
744 1406 807 1467 sibi
844 1424 980 1467 nomen·
1001 1403 1163 1480 eeclesiae,

217 1500 349 1575 propter
362 1494 593 1571 ministerium,
617 1494 706 1574 quod
728 1495 765 1557 in
786 1492 918 1557 scoiesia
941 1512 1010 1556 esse
1033 1506 1165 1556 necesse
1280 1514 1282 1533 =

215 1588 277 1658 est,
302 1588 333 1645 et
355 1582 417 1645 hoo
432 1583 525 1661 quasi
547 1584 646 1664 pallio
661 1589 785 1663 tegunt,
810 1582 971 1662 quidquid
986 1582 1166 1663 impiorum
1280 1616 1282 1661 :

217 1672 411 1751 dogmatum
433 1677 467 1734 et
488 1671 635 1735 cultuum
670 1672 711 1735 ab
734 1671 819 1753 ipsis
846 1672 881 1733 in
915 1670 1083 1733 ecelesiam
1117 1671 1164 1733 in-

220 1766 348 1823 vectum
383 1765 441 1823 est.
499 1761 600 1834 Quasi
629 1781 704 1824 vero
741 1766 798 1823 aut
828 1760 885 1840 qui
913 1761 950 1822 in
981 1760 1164 1822 ministerio

217 1855 313 1926 sunt,
337 1869 441 1911 errare
462 1868 530 1911 non
551 1850 687 1931 possint,
716 1856 774 1911 aut
795 1849 929 1911 ecelesia
952 1848 993 1910 ad
1016 1848 1174 1914 ordinem.

218 1945 345 2001 certum
367 1939 410 2001 sit
433 1938 570 2017 alligata,
595 1944 628 2001 et
650 1958 716 2000 non
739 1938 848 2020 potius
872 1936 1081 2000 adverbum.
1136 1950 1140 1957 '

310 2028 433 2089 Verum
470 2032 534 2103 est,
580 2025 671 2107 quod
704 2026 922 2089 ministerium
963 2031 1092 2089 tantum
1131 2026 1166 2089 in
1280 2030 1282 2035 '

221 2116 356 2178 eeclesia
378 2122 441 2194 est,
470 2117 528 2179 sed
556 2116 773 2180 ministerium
796 2133 930 2197 quoque
960 2131 1035 2179 suos
1063 2121 1166 2179 oertos
1280 2191 1281 2194 Ἴ

221 2205 341 2266 limites
368 2205 489 2281 habet,
511 2205 598 2267 intra
625 2223 707 2284 quos
731 2206 892 2286 ,consiste
944 2205 1016 2267 Non
1051 2205 1168 2268 tribuit
1279 2243 1281 2286 3

221 2298 414 2374 potestatem
436 2293 628 2367 instituendi
643 2313 743 2357 novos
767 2295 883 2371 cultus,
905 2314 972 2356 non
986 2293 1104 2356 liberat
1126 2294 1167 2356 ab

220 2382 407 2445 obediontia
428 2382 526 2459 verbi,
549 2401 617 2444 non
638 2389 772 2446 excusat
793 2389 936 2464 peecata,
960 2401 1027 2445 non
1045 2389 1165 2460 mutat,
1278 2393 1280 2474 g

223 2491 307 2550 quae
336 2487 361 2533 a‘
377 2471 503 2547 Christo
526 2471 678 2534 ecelesiae
700 2470 822 2535 donata
849 2476 882 2534 et
906 2472 1057 2534 instituta
1079 2478 1166 2534 sunt.

223 2558 287 2621 Sed
310 2560 393 2622 siout
408 2560 553 2622 Oinistus
576 2561 616 2622 de
640 2560 755 2641 spiritu
775 2566 885 2623 sancto
908 2560 1003 2622 dioit:
1028 2560 1106 2641 Ipso
1127 2559 1168 2623 de

223 2666 279 2708 me
300 2647 478 2724 testabitur,
506 2654 539 2710 et
561 2667 618 2711 vos
640 2649 853 2726 testabimini,
878 2667 1006 2712 neeesse
1030 2655 1080 2713 est
1102 2667 1167 2726 eos,

222 2734 282 2813 qui
303 2735 339 2795 in
361 2735 539 2798 ministerio
566 2742 657 2813 sunt,
688 2737 750 2800 hoc
773 2737 996 2801 testimonium
1018 2738 1166 2814 retinere,

222 2828 257 2884 et
278 2841 440 2903 nusquam
463 2825 504 2886 ab
527 2844 565 2887 eo
581 2825 753 2889 discedere.
801 2826 835 2888 si
858 2832 967 2888 autem
983 2825 1166 2904 discedunt,

221 2911 634 2990 ministeriumamittunt,
657 2915 721 2978 hoo
744 2920 807 2993 est,
834 2915 980 2995 ipsorum
1003 2915 1169 2978 auditores

223 3001 378 3064 mandato
401 3003 512 3067 divino
541 3009 713 3083 coguntur,
746 3024 786 3065 ne
817 3004 862 3065 eis
889 3003 1051 3079 obediant,
1085 3004 1171 3068 sicut

223 3089 369 3153 Christus
392 3091 486 3154 dicit:
521 3092 637 3155 Cavete
661 3113 680 3154 a
702 3093 792 3155 falsis
815 3085 1010 3174 prophetis.²

315 3179 362 3241 Ao
384 3180 424 3241 de
440 3181 633 3243 Iudaeorum
651 3181 826 3244 sacerdotio
842 3185 976 3257 constat,
997 3201 1076 3242 eam
1101 3201 1170 3244 suo·
1267 3179 1277 3260 ’ἶ

223 3266 402 3330 cessionem
431 3268 587 3332 divinitus
614 3270 816 3346 mandatam,
849 3276 882 3332 et
910 3277 1033 3333 eertum
1063 3271 1171 3334 cultus

223 3355 370 3436 ipsorum
397 3357 504 3419 locum
532 3359 745 3422 constitutum
774 3377 851 3422 esse.
899 3355 1007 3432 Quod'
1024 3359 1140 3440 proies

225 3445 262 3506 in
284 3465 367 3509 novo
382 3451 575 3509 testamento
593 3453 734 3524 nonest,
759 3468 836 3510 nam
852 3447 1025 3510 sacerdotis
1048 3468 1140 3512 nome

69 3675 104 3734 ‘·;··'
227 3653 562 3791 2)Malt)thM1'7niste1·ium
591 3674 651 3713 non
681 3661 802 3713 excusat
831 3661 930 3726 peccat
953 3660 1023 3712 aaut
1050 3673 1127 3714 error
