2575 4225
429 281 556 345 Hoseae
578 280 764 364 prophetae.
1001 280 1065 347 349
1182 356 1183 361 ¹
1209 260 1253 365 ,

122 477 238 524 verum
261 456 316 521 dci
337 456 475 534 cultum,
507 464 546 522 nt
567 458 735 523 credamus
762 458 927 541 evangelio
957 464 991 523 et
1019 460 1066 521 in-

123 566 279 613 vocemus
300 553 413 609 tamen
433 547 686 611 misericordiam
716 554 842 630 patrem
870 550 906 611 in
933 548 1066 612 nomine

125 637 257 712 Christi,
280 635 372 699 cuius
393 635 509 699 merito
531 656 590 700 seu
611 642 714 700 morte
736 658 757 701 a
770 642 901 719 peccato
917 644 950 701 et
964 643 1067 701 morte
1167 664 1179 675 -

124 724 254 789 liberati
276 744 400 789 sumus.
445 725 649 789 Damnantur
670 725 820 789 idolatria
842 733 875 790 et
903 726 977 791 falsi
1003 727 1066 789 cul·

11 880 12 883 ,
124 821 190 891 tus,
215 834 253 877 ac
275 812 490 877 admonentur
511 814 670 891 homines,
695 821 733 878 ut
754 815 949 897 posthabitis
972 814 1067 879 tradi-

11 937 12 981 3
125 903 272 968 tionibus
300 903 470 980 humanis,
499 902 582 967 sario
610 903 802 967 incumbant
829 905 865 967 in
895 924 949 981 ea,
985 924 1067 987 quae

11 992 12 1025 ³
126 992 284 1059 divinitus
306 996 477 1073 praecepta
498 996 584 1068 sunt,
608 992 695 1055 bona
710 1012 816 1074 opera.
863 992 925 1057 Sed
942 1014 983 1057 an
1001 1012 1068 1057 non
1166 1004 1180 1075 j

125 1081 181 1143 hic
204 1100 333 1161 qnoque
355 1080 513 1145 revelatur
535 1081 691 1161 iniquitas
714 1082 930 1165 papistarum,
960 1087 993 1145 et
1021 1100 1067 1144 ec·

10 1201 11 1246 1
127 1170 242 1233 clasiae
257 1168 449 1233 Antichristi
463 1168 616 1232 malicia?
639 1169 759 1233 Sanam
774 1168 955 1233 doctrinam
970 1170 1069 1233 etiam
1130 1192 1132 1201 Ν

10 1283 11 1286 “
127 1258 227 1321 armis
243 1264 400 1321 conantur
414 1258 605 1340 opprimere,
628 1259 748 1340 impios
764 1259 869 1322 cultus
884 1260 1066 1333 missarum,

10 1363 11 1370 ¹
125 1346 373 1435 idolahiam·m
402 1347 622 1425 invocatione,
659 1352 692 1411 et
720 1348 880 1429 quidquid
907 1348 1069 1410 abusuum

127 1440 193 1513 est,
222 1455 310 1498 nunc
333 1436 415 1499 serio
438 1435 600 1517 incipiunt
629 1435 816 1514 defendere,
848 1442 881 1500 et
909 1441 1069 1516 quantum

9 1536 10 1576 ἲ
124 1529 273 1606 possunt,
305 1524 483 1588 stabiliunt.
530 1524 582 1587 Sic
610 1524 711 1587 Israel
740 1545 869 1607 quoque
903 1524 1070 1589 occidebat

9 1613 10 1694 ᾖ
125 1634 217 1677 veros
240 1613 385 1677 doctores
408 1619 441 1676 et
462 1619 554 1676 tanto
578 1612 730 1677 furiosius
745 1615 881 1695 urgebat
895 1619 1069 1691 sacra‘sna,
1192 1694 1193 1697 Ἴ
1239 1656 1241 1659 -

7 1711 10 1742 2'
127 1723 204 1766 cum
226 1702 352 1765 audiret
374 1721 413 1764 ea
435 1722 456 1772 a
476 1701 540 1783 piis
563 1701 748 1765 doctoribus
771 1701 972 1787 reprehendi.

217 1790 280 1853 Sed
313 1792 399 1853 hanc
433 1791 630 1872 pertinacem
667 1790 869 1872 impietatem
907 1790 1069 1871 quomodo

7 1923 8 1928 κ
125 1882 216 1943 ultus
240 1885 289 1942 est
311 1874 504 1942 dominus?¹
546 1879 648 1942 Venit
670 1880 737 1957 fur,
765 1879 873 1961 inquit
901 1879 1068 1969 propheta,

7 1971 10 2020 l
125 1974 160 2033 et
182 1973 328 2031 armatus
349 1968 569 2031 incursionem
591 1968 685 2045 fecit,
713 1968 776 2031 hoc
798 1972 862 2044 est,
886 1973 924 2030 ut
946 1988 1005 2031 nos
1027 1966 1068 2029 lo·

126 2058 275 2140 quimur,
311 2057 462 2121 domi'et
491 2056 569 2120 foris
595 2058 683 2121 varie
714 2063 790 2122 sunt
815 2057 924 2124 vexati
958 2061 1003 2132 et,
1024 2055 1069 2119 di·

6 2156 7 2171 *
127 2148 221 2230 rapti.
266 2147 341 2210 Non
364 2147 452 2209 enim
474 2147 580 2209 furem
601 2151 705 2223 vocat,
730 2147 787 2228 qui
810 2151 909 2210 noctu
928 2145 1069 2227 perfodit

10 2260 14 2269 ·
124 2236 295 2318 parietem,
320 2241 353 2299 et
376 2235 469 2312 clam,
493 2255 576 2316 quae
599 2240 715 2317 potest,
739 2235 832 2312 tollit,
861 2235 918 2300 sed
940 2234 1070 2298 menda·

125 2326 193 2402 cia,
224 2323 369 2401 fraudes,
399 2323 587 2401 avariciam,
622 2323 779 2388 iniustam
807 2323 890 2402 vim,
926 2323 1069 2399 iniurias,

6 2410 16 2500 {3
129 2414 250 2494 'quibus
273 2414 357 2478 cives
375 2413 460 2476 inter
474 2432 508 2475 se
523 2418 669 2493 utuntur,
693 2412 814 2476 iniusta
829 2430 928 2475 onera
942 2411 1072 2493 publica

6 2508 8 2541 ἓ
129 2503 171 2566 ab
200 2501 305 2566 avaris
334 2501 577 2581 magistratibus
605 2501 768 2585 imposita.
818 2501 865 2566 Hi
896 2500 984 2562 enim
1017 2519 1070 2561 no·

126 2591 309 2655 cantissimi
324 2591 411 2652 fures
430 2595 515 2666 sunt,
528 2589 647 2670 quibus
663 2589 847 2671 expilantur
861 2587 1070 2670 respublicae.

6 2736 7 2741 ,
128 2679 183 2744 Ad
205 2680 286 2743 haec
308 2678 484 2742 domestica
507 2677 714 2742 incommoda
736 2678 815 2741 dicit
844 2677 993 2784 accedere
1021 2696 1071 2740 ex·

129 2775 261 2832 ternum
282 2768 410 2830 hostem
433 2773 466 2830 et
486 2767 581 2831 bella.

219 2857 312 2920 Haec
335 2876 377 2918 an
400 2876 467 2919 non
490 2855 588 2919 etiam
615 2861 726 2919 nostro
757 2855 863 2920 seculo
893 2854 1073 2920 sentimus?

130 2945 298 3027 Principes
321 2944 506 3025 turpissime
530 2943 677 3007 subditos
700 2945 848 3025 spoliant.
894 2943 963 3023 Ipsi
990 2943 1074 3006 inter

6 3052 8 3105 ἑ
125 3039 165 3098 se
198 3035 283 3097 cives
314 3035 440 3096 nullum
470 3033 624 3096 avariciae
659 3032 794 3095 modum
829 3036 985 3094 statuunt.
1032 3031 1075 3093 Et

131 3123 258 3187 accedit
280 3140 409 3203 quoque
432 3128 589 3202 tyrannus
612 3121 775 3197 Turcicus,
798 3121 878 3183 item
901 3119 964 3182 alia
978 3119 1071 3194 bella,

132 3212 355 3296 itatutrinque
378 3211 536 3292 premitur
557 3209 688 3287 misera,
720 3209 776 3272 sed
804 3214 931 3274 matura
961 3209 1073 3290 poenis

131 3301 318 3376 Germania,
343 3319 442 3378 quam
464 3318 547 3375 vere,
572 3298 655 3361 sicut
678 3318 777 3360 senex
798 3299 834 3360 in
849 3295 1014 3360 comoedia
1029 3295 1073 3358 di·

146 3390 186 3466 it,
212 3409 253 3451 ne
274 3387 409 3468 quidem
423 3388 495 3468 ipsa
510 3388 605 3463 salus,
630 3387 658 3449 si
674 3387 791 3469 cupiat,
816 3405 940 3452 servare
956 3391 1072 3467 posset.

142 3481 181 3540 hc
205 3498 278 3554 nos,
304 3477 361 3556 qui
384 3481 494 3538 tamen
516 3469 744 3556 de‘ivangelio
767 3476 954 3556 gloriamur,
985 3473 1074 3536 hisce

159 3567 250 3630 senis
273 3586 340 3628 non
356 3584 501 3628 caremus
517 3584 656 3647 prorsus,
680 3565 827 3628 videmus
843 3563 930 3626 enim
945 3562 1075 3626 easdem

226 3757 254 3826 1)
273 3758 387 3813 Poenae
406 3757 562 3814 idolatriae.

1151 19 1169 105 ag

1229 1184 1233 1193 ”
1229 522 1240 575 >³
1240 450 1241 453 „
1227 410 1243 423 ς
1237 216 1238 221 Α
1235 184 1237 187 .
1208 19 1244 163 :25:³32

1248 1368 1268 1389 ἶ·
1252 1274 1284 1351 '‘¹3⁵“
1251 1236 1275 1261 3·-
1261 1210 1264 1215 -
1255 1134 1269 1189 q<-
1251 1072 1267 1121 ,ψει
1259 1045 1273 1059 ;
1255 908 1269 1029 ³2*
1246 784 1274 891 5⁴:3³⁴*
1244 669 1274 741 ῐςῑὲ
1247 602 1266 653 -2222-
1243 532 1272 586 ,[ῑ-ῖ-
1252 502 1254 519 “
1245 444 1259 465 ⁵³⁴
1247 388 1272 429 ,ιζ-
1243 353 1271 373 “;
1264 315 1270 338 μ,
1245 248 1258 271 ⁴*
1243 198 1271 232 ἓν·
1247 134 1269 181 tf„-
1243 71 1262 116 :‹,-
1260 21 1262 24 .

1274 1328 1284 1369 z.-
1258 1076 1284 1307 „ssuffl-
1280 1018 1282 1023 -
1275 979 1278 984 v
1279 845 1281 858 ΑΛ
1266 593 1282 774 <²⁴⁵-¹‘‹··-2<
1273 565 1276 568 >
1270 511 1279 544 ·¹’*
1274 431 1279 460 -·
1274 333 1279 384 -—-
1276 295 1280 304 —
1271 177 1277 226 <>*
1280 147 1283 150 .

1254 3135 1258 3142 “
1254 3117 1256 3124 ”
1251 3037 1259 3060 ⁴*
1252 2608 1282 2962 :‘;.*:„2<³÷-2:223222·2;2
1256 2581 1259 2592 “
1252 2565 1255 2568 ²
1254 2467 1259 2528 ²
