<?xml version="1.0" encoding="UTF-8"?>
<!DOCTYPE html PUBLIC "-//W3C//DTD XHTML 1.0 Transitional//EN"
    "http://www.w3.org/TR/xhtml1/DTD/xhtml1-transitional.dtd">
<html xmlns="http://www.w3.org/1999/xhtml" xml:lang="en" lang="en">
 <head>
  <title>
</title>
<meta http-equiv="Content-Type" content="text/html;charset=utf-8" />
  <meta name='ocr-system' content='tesseract 3.04.00' />
  <meta name='ocr-capabilities' content='ocr_page ocr_carea ocr_par ocr_line ocrx_word'/>
</head>
<body>
  <div class='ocr_page' id='page_1' title='image "./exegeticaoperal13luthgoog_0176.png"; bbox 0 0 2575 4225; ppageno 0'>
   <div class='ocr_carea' id='block_1_1' title="bbox 180 1129 1037 1448">
    <p class='ocr_par' dir='ltr' id='par_1_1' title="bbox 180 1129 1037 1448">
     <span class='ocr_line' id='line_1_1' title="bbox 180 1129 1037 1222; baseline -0.001 -8"><span class='ocrx_word' id='word_1_1' title='bbox 180 1129 450 1215; x_wconf 63' lang='lat' dir='ltr'>*amusium</span> <span class='ocrx_word' id='word_1_2' title='bbox 478 1132 528 1215; x_wconf 76' lang='lat' dir='ltr'>Ili</span> <span class='ocrx_word' id='word_1_3' title='bbox 555 1131 740 1215; x_wconf 76' lang='lat' dir='ltr'>Hosulu</span> <span class='ocrx_word' id='word_1_4' title='bbox 767 1129 1037 1222; x_wconf 73' lang='lat' dir='ltr'>Puosuuusu</span> 
     </span>
     <span class='ocr_line' id='line_1_2' title="bbox 390 1257 816 1341; baseline 0.005 -17"><span class='ocrx_word' id='word_1_5' title='bbox 390 1257 425 1326; x_wconf 83' lang='lat' dir='ltr'>de</span> <span class='ocrx_word' id='word_1_6' title='bbox 448 1259 660 1341; x_wconf 82' lang='lat' dir='ltr'>prophatarum</span> <span class='ocrx_word' id='word_1_7' title='bbox 682 1260 816 1341; x_wconf 76' lang='lat' dir='ltr'>lechone,</span> 
     </span>
     <span class='ocr_line' id='line_1_3' title="bbox 320 1365 894 1448; baseline 0.005 -17"><span class='ocrx_word' id='word_1_8' title='bbox 320 1366 352 1432; x_wconf 87' lang='lat' dir='ltr'>et</span> <span class='ocrx_word' id='word_1_9' title='bbox 374 1366 552 1448; x_wconf 73' lang='lat' dir='ltr'>argumento</span> <span class='ocrx_word' id='word_1_10' title='bbox 575 1367 750 1435; x_wconf 88' lang='lat' dir='ltr'>concionum</span> <span class='ocrx_word' id='word_1_11' title='bbox 771 1365 894 1434; x_wconf 80' lang='lat' dir='ltr'>Roseae.</span> 
     </span>
    </p>
   </div>
   <div class='ocr_carea' id='block_1_2' title="bbox 549 1527 657 1537">
    <p class='ocr_par' dir='ltr' id='par_1_2' title="bbox 549 1527 657 1537">
     <span class='ocr_line' id='line_1_4' title="bbox 549 1527 657 1537; baseline 0.009 -1"><span class='ocrx_word' id='word_1_12' title='bbox 549 1527 657 1537; x_wconf 72' lang='lat' dir='ltr'>-u--n</span> 
     </span>
    </p>
   </div>
   <div class='ocr_carea' id='block_1_3' title="bbox 134 1647 1078 2175">
    <p class='ocr_par' dir='ltr' id='par_1_3' title="bbox 140 1647 1078 1762">
     <span class='ocr_line' id='line_1_5' title="bbox 140 1647 1078 1762; baseline 0.002 -48"><span class='ocrx_word' id='word_1_13' title='bbox 140 1647 408 1762; x_wconf 83' lang='lat' dir='ltr'>¹Ps0pheta1um</span> <span class='ocrx_word' id='word_1_14' title='bbox 431 1651 569 1732; x_wconf 80' lang='lat' dir='ltr'>cognitio</span> <span class='ocrx_word' id='word_1_15' title='bbox 584 1652 621 1714; x_wconf 88' lang='lat' dir='ltr'>in</span> <span class='ocrx_word' id='word_1_16' title='bbox 636 1651 769 1716; x_wconf 89' lang='lat' dir='ltr'>ecclesia</span> <span class='ocrx_word' id='word_1_17' title='bbox 784 1651 876 1716; x_wconf 87' lang='lat' dir='ltr'>valde</span> <span class='ocrx_word' id='word_1_18' title='bbox 899 1654 1078 1716; x_wconf 84' lang='lat' dir='ltr'>necessaria</span> 
     </span>
    </p>

    <p class='ocr_par' dir='ltr' id='par_1_4' title="bbox 134 1740 1078 2175">
     <span class='ocr_line' id='line_1_6' title="bbox 219 1740 1078 1818; baseline 0 -13"><span class='ocrx_word' id='word_1_19' title='bbox 219 1748 277 1818; x_wconf 86' lang='lat' dir='ltr'>est,</span> <span class='ocrx_word' id='word_1_20' title='bbox 313 1761 391 1805; x_wconf 90' lang='lat' dir='ltr'>nam</span> <span class='ocrx_word' id='word_1_21' title='bbox 417 1741 598 1813; x_wconf 88' lang='lat' dir='ltr'>doctrinam</span> <span class='ocrx_word' id='word_1_22' title='bbox 625 1740 666 1802; x_wconf 90' lang='lat' dir='ltr'>de</span> <span class='ocrx_word' id='word_1_23' title='bbox 703 1740 819 1804; x_wconf 88' lang='lat' dir='ltr'>timore</span> <span class='ocrx_word' id='word_1_24' title='bbox 850 1741 902 1804; x_wconf 89' lang='lat' dir='ltr'>dei</span> <span class='ocrx_word' id='word_1_25' title='bbox 940 1740 1078 1805; x_wconf 88' lang='lat' dir='ltr'>fideliter</span> 
     </span>
     <span class='ocr_line' id='line_1_7' title="bbox 134 1828 1078 1912; baseline 0.001 -19"><span class='ocrx_word' id='word_1_26' title='bbox 134 1830 308 1907; x_wconf 86' lang='lat' dir='ltr'>inculcant,</span> <span class='ocrx_word' id='word_1_27' title='bbox 344 1829 504 1911; x_wconf 90' lang='lat' dir='ltr'>siquidem</span> <span class='ocrx_word' id='word_1_28' title='bbox 537 1828 779 1912; x_wconf 86' lang='lat' dir='ltr'>reprehendunt</span> <span class='ocrx_word' id='word_1_29' title='bbox 810 1829 846 1892; x_wconf 90' lang='lat' dir='ltr'>in</span> <span class='ocrx_word' id='word_1_30' title='bbox 875 1849 934 1894; x_wconf 90' lang='lat' dir='ltr'>suo</span> <span class='ocrx_word' id='word_1_31' title='bbox 956 1831 1078 1912; x_wconf 86' lang='lat' dir='ltr'>populo</span> 
     </span>
     <span class='ocr_line' id='line_1_8' title="bbox 134 1918 1075 2000; baseline 0.001 -18"><span class='ocrx_word' id='word_1_32' title='bbox 134 1919 335 1996; x_wconf 79' lang='lat' dir='ltr'>idolatriam,</span> <span class='ocrx_word' id='word_1_33' title='bbox 359 1919 512 1983; x_wconf 89' lang='lat' dir='ltr'>fiduciam</span> <span class='ocrx_word' id='word_1_34' title='bbox 534 1919 570 1982; x_wconf 92' lang='lat' dir='ltr'>in</span> <span class='ocrx_word' id='word_1_35' title='bbox 591 1920 759 1996; x_wconf 91' lang='lat' dir='ltr'>homines,</span> <span class='ocrx_word' id='word_1_36' title='bbox 789 1918 892 2000; x_wconf 89' lang='lat' dir='ltr'>impia</span> <span class='ocrx_word' id='word_1_37' title='bbox 912 1918 1075 2000; x_wconf 76' lang='lat' dir='ltr'>dogmata,</span> 
     </span>
     <span class='ocr_line' id='line_1_9' title="bbox 135 2008 1076 2092; baseline 0.001 -21"><span class='ocrx_word' id='word_1_38' title='bbox 135 2008 308 2073; x_wconf 83' lang='lat' dir='ltr'>avariciam</span> <span class='ocrx_word' id='word_1_39' title='bbox 331 2014 390 2072; x_wconf 90' lang='lat' dir='ltr'>etc.</span> <span class='ocrx_word' id='word_1_40' title='bbox 421 2028 459 2074; x_wconf 88' lang='lat' dir='ltr'>ac</span> <span class='ocrx_word' id='word_1_41' title='bbox 480 2026 602 2092; x_wconf 87' lang='lat' dir='ltr'>poenas</span> <span class='ocrx_word' id='word_1_42' title='bbox 623 2009 743 2071; x_wconf 89' lang='lat' dir='ltr'>horum</span> <span class='ocrx_word' id='word_1_43' title='bbox 765 2012 970 2089; x_wconf 86' lang='lat' dir='ltr'>peccatorum</span> <span class='ocrx_word' id='word_1_44' title='bbox 992 2008 1076 2072; x_wconf 79' lang='lat' dir='ltr'>elate</span> 
     </span>
     <span class='ocr_line' id='line_1_10' title="bbox 135 2095 1075 2175; baseline 0 -13"><span class='ocrx_word' id='word_1_45' title='bbox 135 2097 320 2162; x_wconf 87' lang='lat' dir='ltr'>ostendunt.</span> <span class='ocrx_word' id='word_1_46' title='bbox 367 2097 410 2162; x_wconf 81' lang='lat' dir='ltr'>Et</span> <span class='ocrx_word' id='word_1_47' title='bbox 431 2098 530 2161; x_wconf 90' lang='lat' dir='ltr'>etiam</span> <span class='ocrx_word' id='word_1_48' title='bbox 552 2097 593 2161; x_wconf 89' lang='lat' dir='ltr'>de</span> <span class='ocrx_word' id='word_1_49' title='bbox 617 2096 681 2160; x_wconf 87' lang='lat' dir='ltr'>fids</span> <span class='ocrx_word' id='word_1_50' title='bbox 703 2095 739 2159; x_wconf 93' lang='lat' dir='ltr'>in</span> <span class='ocrx_word' id='word_1_51' title='bbox 762 2095 926 2162; x_wconf 78' lang='lat' dir='ltr'>Christum</span> <span class='ocrx_word' id='word_1_52' title='bbox 948 2096 1075 2175; x_wconf 83' lang='lat' dir='ltr'>docent,</span> 
     </span>
    </p>
   </div>
   <div class='ocr_carea' id='block_1_4' title="bbox 132 2186 1077 2270">
    <p class='ocr_par' dir='ltr' id='par_1_5' title="bbox 11 2167 1077 2270">
     <span class='ocr_line' id='line_1_11' title="bbox 132 2186 1077 2270; baseline 0 -21"><span class='ocrx_word' id='word_1_53' title='bbox 132 2188 214 2251; x_wconf 91' lang='lat' dir='ltr'>dum</span> <span class='ocrx_word' id='word_1_54' title='bbox 248 2188 454 2253; x_wconf 79' lang='lat' dir='ltr'>consolantur</span> <span class='ocrx_word' id='word_1_55' title='bbox 487 2187 624 2253; x_wconf 83' lang='lat' dir='ltr'>afflictos</span> <span class='ocrx_word' id='word_1_56' title='bbox 660 2186 859 2251; x_wconf 78' lang='lat' dir='ltr'>suavissimis</span> <span class='ocrx_word' id='word_1_57' title='bbox 897 2186 1077 2270; x_wconf 77' lang='lat' dir='ltr'>prophetiis</span> 
     </span>
    </p>
   </div>
   <div class='ocr_carea' id='block_1_5' title="bbox 132 2275 1077 2448">
    <p class='ocr_par' dir='ltr' id='par_1_6' title="bbox 132 2275 1077 2448">
     <span class='ocr_line' id='line_1_12' title="bbox 134 2275 1076 2359; baseline -0.001 -19"><span class='ocrx_word' id='word_1_58' title='bbox 134 2276 176 2340; x_wconf 91' lang='lat' dir='ltr'>de</span> <span class='ocrx_word' id='word_1_59' title='bbox 199 2276 310 2342; x_wconf 88' lang='lat' dir='ltr'>futuro</span> <span class='ocrx_word' id='word_1_60' title='bbox 332 2296 430 2359; x_wconf 80' lang='lat' dir='ltr'>regno</span> <span class='ocrx_word' id='word_1_61' title='bbox 446 2276 574 2343; x_wconf 76' lang='lat' dir='ltr'>Christi.</span> <span class='ocrx_word' id='word_1_62' title='bbox 621 2275 699 2340; x_wconf 84' lang='lat' dir='ltr'>Ideo</span> <span class='ocrx_word' id='word_1_63' title='bbox 722 2296 788 2339; x_wconf 91' lang='lat' dir='ltr'>non</span> <span class='ocrx_word' id='word_1_64' title='bbox 811 2276 948 2359; x_wconf 83' lang='lat' dir='ltr'>apostoli</span> <span class='ocrx_word' id='word_1_65' title='bbox 971 2277 1076 2341; x_wconf 89' lang='lat' dir='ltr'>solum</span> 
     </span>
     <span class='ocr_line' id='line_1_13' title="bbox 132 2364 1077 2448; baseline -0.002 -19"><span class='ocrx_word' id='word_1_66' title='bbox 132 2365 328 2430; x_wconf 84' lang='lat' dir='ltr'>testimoniis</span> <span class='ocrx_word' id='word_1_67' title='bbox 357 2367 586 2448; x_wconf 78' lang='lat' dir='ltr'>prophetarum</span> <span class='ocrx_word' id='word_1_68' title='bbox 616 2368 721 2447; x_wconf 83' lang='lat' dir='ltr'>saepe</span> <span class='ocrx_word' id='word_1_69' title='bbox 742 2371 892 2442; x_wconf 87' lang='lat' dir='ltr'>utuntur,</span> <span class='ocrx_word' id='word_1_70' title='bbox 923 2364 980 2429; x_wconf 88' lang='lat' dir='ltr'>sed</span> <span class='ocrx_word' id='word_1_71' title='bbox 1006 2364 1077 2445; x_wconf 91' lang='lat' dir='ltr'>ipse</span> 
     </span>
    </p>
   </div>
   <div class='ocr_carea' id='block_1_6' title="bbox 12 2452 1076 2638">
    <p class='ocr_par' dir='ltr' id='par_1_7' title="bbox 12 2452 1076 2638">
     <span class='ocr_line' id='line_1_14' title="bbox 12 2452 1076 2529; baseline -0.007 -8"><span class='ocrx_word' id='word_1_72' title='bbox 12 2473 13 2496; x_wconf 41' lang='lat' dir='ltr'>l</span> <span class='ocrx_word' id='word_1_73' title='bbox 133 2453 188 2519; x_wconf 86' lang='lat' dir='ltr'>dei</span> <span class='ocrx_word' id='word_1_74' title='bbox 211 2454 298 2519; x_wconf 87' lang='lat' dir='ltr'>filius</span> <span class='ocrx_word' id='word_1_75' title='bbox 321 2474 380 2519; x_wconf 91' lang='lat' dir='ltr'>nos</span> <span class='ocrx_word' id='word_1_76' title='bbox 403 2476 469 2519; x_wconf 93' lang='lat' dir='ltr'>non</span> <span class='ocrx_word' id='word_1_77' title='bbox 491 2476 557 2519; x_wconf 93' lang='lat' dir='ltr'>uno</span> <span class='ocrx_word' id='word_1_78' title='bbox 580 2455 616 2517; x_wconf 92' lang='lat' dir='ltr'>in</span> <span class='ocrx_word' id='word_1_79' title='bbox 630 2455 700 2517; x_wconf 88' lang='lat' dir='ltr'>loco</span> <span class='ocrx_word' id='word_1_80' title='bbox 715 2455 871 2529; x_wconf 86' lang='lat' dir='ltr'>hortatur,</span> <span class='ocrx_word' id='word_1_81' title='bbox 894 2459 933 2517; x_wconf 89' lang='lat' dir='ltr'>ut</span> <span class='ocrx_word' id='word_1_82' title='bbox 954 2452 1076 2516; x_wconf 83' lang='lat' dir='ltr'>assidui</span> 
     </span>
     <span class='ocr_line' id='line_1_15' title="bbox 12 2543 724 2638; baseline -0.007 -27"><span class='ocrx_word' id='word_1_83' title='bbox 12 2565 24 2638; x_wconf 33' lang='grc' dir='ltr'>ζ’·</span> <span class='ocrx_word' id='word_1_84' title='bbox 132 2545 168 2607; x_wconf 92' lang='lat' dir='ltr'>in</span> <span class='ocrx_word' id='word_1_85' title='bbox 192 2562 305 2607; x_wconf 89' lang='lat' dir='ltr'>eorum</span> <span class='ocrx_word' id='word_1_86' title='bbox 326 2544 462 2607; x_wconf 87' lang='lat' dir='ltr'>lectione</span> <span class='ocrx_word' id='word_1_87' title='bbox 485 2564 553 2608; x_wconf 89' lang='lat' dir='ltr'>esse</span> <span class='ocrx_word' id='word_1_88' title='bbox 577 2543 724 2607; x_wconf 92' lang='lat' dir='ltr'>velimus.</span> 
     </span>
    </p>
   </div>
   <div class='ocr_carea' id='block_1_7' title="bbox 12 2630 1076 2805">
    <p class='ocr_par' dir='ltr' id='par_1_8' title="bbox 12 2630 1076 2805">
     <span class='ocr_line' id='line_1_16' title="bbox 12 2630 1075 2724; baseline -0.003 -27"><span class='ocrx_word' id='word_1_89' title='bbox 12 2681 13 2724; x_wconf 54' lang='lat'>3</span> <span class='ocrx_word' id='word_1_90' title='bbox 221 2633 297 2696; x_wconf 88' lang='lat' dir='ltr'>Non</span> <span class='ocrx_word' id='word_1_91' title='bbox 320 2632 424 2696; x_wconf 89' lang='lat' dir='ltr'>solum</span> <span class='ocrx_word' id='word_1_92' title='bbox 445 2633 544 2715; x_wconf 83' lang='lat' dir='ltr'>igitur</span> <span class='ocrx_word' id='word_1_93' title='bbox 557 2632 671 2714; x_wconf 89' lang='lat' dir='ltr'>inepti,</span> <span class='ocrx_word' id='word_1_94' title='bbox 696 2631 753 2696; x_wconf 89' lang='lat' dir='ltr'>sed</span> <span class='ocrx_word' id='word_1_95' title='bbox 772 2632 868 2714; x_wconf 89' lang='lat' dir='ltr'>plane</span> <span class='ocrx_word' id='word_1_96' title='bbox 884 2630 975 2695; x_wconf 87' lang='lat' dir='ltr'>stulti</span> <span class='ocrx_word' id='word_1_97' title='bbox 990 2636 1075 2707; x_wconf 88' lang='lat' dir='ltr'>sunt,</span> 
     </span>
     <span class='ocr_line' id='line_1_17' title="bbox 13 2721 1076 2805; baseline -0.002 -20"><span class='ocrx_word' id='word_1_98' title='bbox 13 2801 15 2805; x_wconf 6' lang='grc' dir='ltr'>μ</span> <span class='ocrx_word' id='word_1_99' title='bbox 132 2722 193 2802; x_wconf 89' lang='lat' dir='ltr'>qui</span> <span class='ocrx_word' id='word_1_100' title='bbox 213 2722 250 2784; x_wconf 92' lang='lat' dir='ltr'>in</span> <span class='ocrx_word' id='word_1_101' title='bbox 272 2722 440 2803; x_wconf 88' lang='lat' dir='ltr'>prophetis</span> <span class='ocrx_word' id='word_1_102' title='bbox 462 2722 546 2785; x_wconf 89' lang='lat' dir='ltr'>nihil</span> <span class='ocrx_word' id='word_1_103' title='bbox 566 2721 724 2786; x_wconf 90' lang='lat' dir='ltr'>contineri</span> <span class='ocrx_word' id='word_1_104' title='bbox 739 2726 866 2803; x_wconf 88' lang='lat' dir='ltr'>putant,</span> <span class='ocrx_word' id='word_1_105' title='bbox 890 2740 990 2802; x_wconf 86' lang='lat' dir='ltr'>quam</span> <span class='ocrx_word' id='word_1_106' title='bbox 1005 2740 1076 2783; x_wconf 87' lang='lat' dir='ltr'>con·</span> 
     </span>
    </p>
   </div>
   <div class='ocr_carea' id='block_1_8' title="bbox 13 2809 1076 3078">
    <p class='ocr_par' dir='ltr' id='par_1_9' title="bbox 13 2809 1076 3078">
     <span class='ocr_line' id='line_1_18' title="bbox 13 2809 1075 2892; baseline -0.001 -20"><span class='ocrx_word' id='word_1_107' title='bbox 13 2844 14 2851; x_wconf 28' lang='grc'><strong>1</strong></span> <span class='ocrx_word' id='word_1_108' title='bbox 132 2811 243 2873; x_wconf 90' lang='lat' dir='ltr'>ciones</span> <span class='ocrx_word' id='word_1_109' title='bbox 265 2815 417 2888; x_wconf 85' lang='lat' dir='ltr'>vetustas,</span> <span class='ocrx_word' id='word_1_110' title='bbox 442 2831 580 2892; x_wconf 84' lang='lat' dir='ltr'>quarum</span> <span class='ocrx_word' id='word_1_111' title='bbox 600 2815 711 2874; x_wconf 87' lang='lat' dir='ltr'>nostro</span> <span class='ocrx_word' id='word_1_112' title='bbox 726 2809 833 2873; x_wconf 84' lang='lat' dir='ltr'>seculo</span> <span class='ocrx_word' id='word_1_113' title='bbox 848 2828 915 2874; x_wconf 89' lang='lat' dir='ltr'>non</span> <span class='ocrx_word' id='word_1_114' title='bbox 930 2809 974 2873; x_wconf 89' lang='lat' dir='ltr'>sit</span> <span class='ocrx_word' id='word_1_115' title='bbox 987 2829 1075 2872; x_wconf 91' lang='lat' dir='ltr'>usus.</span> 
     </span>
     <span class='ocr_line' id='line_1_19' title="bbox 13 2892 1075 2972; baseline 0 -14"><span class='ocrx_word' id='word_1_116' title='bbox 13 2949 14 2958; x_wconf 73' lang='grc'>,</span> <span class='ocrx_word' id='word_1_117' title='bbox 136 2892 221 2962; x_wconf 79' lang='lat' dir='ltr'>&#39;Gur</span> <span class='ocrx_word' id='word_1_118' title='bbox 244 2897 333 2962; x_wconf 87' lang='lat' dir='ltr'>enim</span> <span class='ocrx_word' id='word_1_119' title='bbox 356 2900 503 2964; x_wconf 77' lang='lat' dir='ltr'>Christus</span> <span class='ocrx_word' id='word_1_120' title='bbox 525 2900 652 2963; x_wconf 90' lang='lat' dir='ltr'>Hoseae</span> <span class='ocrx_word' id='word_1_121' title='bbox 681 2898 867 2962; x_wconf 88' lang='lat' dir='ltr'>testimonio</span> <span class='ocrx_word' id='word_1_122' title='bbox 889 2898 941 2961; x_wconf 93' lang='lat' dir='ltr'>bis</span> <span class='ocrx_word' id='word_1_123' title='bbox 962 2897 1075 2972; x_wconf 88' lang='lat' dir='ltr'>utitur,</span> 
     </span>
     <span class='ocr_line' id='line_1_20' title="bbox 13 2984 1076 3078; baseline -0.002 -29"><span class='ocrx_word' id='word_1_124' title='bbox 13 2984 23 3040; x_wconf 68' lang='lat'>²·</span> <span class='ocrx_word' id='word_1_125' title='bbox 132 2994 166 3051; x_wconf 86' lang='lat' dir='ltr'>et</span> <span class='ocrx_word' id='word_1_126' title='bbox 196 2987 332 3069; x_wconf 88' lang='lat' dir='ltr'>quidem</span> <span class='ocrx_word' id='word_1_127' title='bbox 361 2988 408 3078; x_wconf 74' lang='lat' dir='ltr'>in¹</span> <span class='ocrx_word' id='word_1_128' title='bbox 426 2989 623 3069; x_wconf 86' lang='lat' dir='ltr'>gravissimis</span> <span class='ocrx_word' id='word_1_129' title='bbox 659 2986 941 3069; x_wconf 88' lang='lat' dir='ltr'>disputationibus.</span> <span class='ocrx_word' id='word_1_130' title='bbox 992 2986 1076 3047; x_wconf 91' lang='lat' dir='ltr'>Nam</span> 
     </span>
    </p>
   </div>
   <div class='ocr_carea' id='block_1_9' title="bbox 14 3158 1077 3303">
    <p class='ocr_par' dir='ltr' id='par_1_10' title="bbox 14 3158 1077 3303">
     <span class='ocr_line' id='line_1_21' title="bbox 14 3158 1077 3231; baseline -0.003 -14"><span class='ocrx_word' id='word_1_131' title='bbox 14 3179 23 3217; x_wconf 69' lang='lat' dir='ltr'>o</span> <span class='ocrx_word' id='word_1_132' title='bbox 227 3162 255 3231; x_wconf 91' lang='lat'>1)</span> <span class='ocrx_word' id='word_1_133' title='bbox 274 3162 393 3216; x_wconf 87' lang='lat' dir='ltr'>Summa</span> <span class='ocrx_word' id='word_1_134' title='bbox 411 3160 558 3217; x_wconf 86' lang='lat' dir='ltr'>doctrinae</span> <span class='ocrx_word' id='word_1_135' title='bbox 576 3162 792 3231; x_wconf 84' lang='lat' dir='ltr'>prophetarum.</span> <span class='ocrx_word' id='word_1_136' title='bbox 837 3160 866 3231; x_wconf 82' lang='lat'>2)</span> <span class='ocrx_word' id='word_1_137' title='bbox 891 3158 1026 3217; x_wconf 74' lang='lat' dir='ltr'>Christus</span> <span class='ocrx_word' id='word_1_138' title='bbox 1048 3165 1077 3214; x_wconf 88' lang='lat' dir='ltr'>et</span> 
     </span>
     <span class='ocr_line' id='line_1_22' title="bbox 132 3233 826 3303; baseline -0.004 -15"><span class='ocrx_word' id='word_1_139' title='bbox 132 3233 258 3303; x_wconf 89' lang='lat' dir='ltr'>apostoli</span> <span class='ocrx_word' id='word_1_140' title='bbox 276 3233 452 3288; x_wconf 82' lang='lat' dir='ltr'>testimoniis</span> <span class='ocrx_word' id='word_1_141' title='bbox 470 3234 678 3301; x_wconf 85' lang='lat' dir='ltr'>prophetarum</span> <span class='ocrx_word' id='word_1_142' title='bbox 696 3236 826 3287; x_wconf 89' lang='lat' dir='ltr'>utuntur.</span> 
     </span>
    </p>
   </div>
   <div class='ocr_carea' id='block_1_10' title="bbox 177 3392 1077 3816">
    <p class='ocr_par' dir='ltr' id='par_1_11' title="bbox 177 3392 1077 3816">
     <span class='ocr_line' id='line_1_23' title="bbox 203 3392 1076 3462; baseline 0 -16"><span class='ocrx_word' id='word_1_143' title='bbox 203 3392 230 3462; x_wconf 79' lang='lat'>⁸)</span> <span class='ocrx_word' id='word_1_144' title='bbox 248 3392 286 3446; x_wconf 94' lang='lat' dir='ltr'>In</span> <span class='ocrx_word' id='word_1_145' title='bbox 304 3392 368 3447; x_wconf 87' lang='lat' dir='ltr'>coll.</span> <span class='ocrx_word' id='word_1_146' title='bbox 386 3393 502 3447; x_wconf 87' lang='lat' dir='ltr'>lenensi</span> <span class='ocrx_word' id='word_1_147' title='bbox 520 3393 569 3447; x_wconf 82' lang='lat' dir='ltr'>hic</span> <span class='ocrx_word' id='word_1_148' title='bbox 587 3393 691 3461; x_wconf 81' lang='lat' dir='ltr'>legitur</span> <span class='ocrx_word' id='word_1_149' title='bbox 710 3393 864 3460; x_wconf 84' lang='lat' dir='ltr'>inscriptio</span> <span class='ocrx_word' id='word_1_150' title='bbox 882 3393 1076 3448; x_wconf 81' lang='lat' dir='ltr'>commentati·</span> 
     </span>
     <span class='ocr_line' id='line_1_24' title="bbox 177 3460 1076 3519; baseline 0 -1"><span class='ocrx_word' id='word_1_151' title='bbox 177 3467 211 3518; x_wconf 85' lang='lat' dir='ltr'>s:</span> <span class='ocrx_word' id='word_1_152' title='bbox 234 3461 457 3517; x_wconf 76' lang='lat' dir='ltr'><strong>ENARRATIO</strong></span> <span class='ocrx_word' id='word_1_153' title='bbox 482 3463 517 3517; x_wconf 92' lang='lat' dir='ltr'>D.</span> <span class='ocrx_word' id='word_1_154' title='bbox 535 3464 575 3517; x_wconf 74' lang='grc' dir='ltr'><strong>Μ</strong></span> <span class='ocrx_word' id='word_1_155' title='bbox 593 3464 626 3518; x_wconf 84' lang='lat' dir='ltr'>L.</span> <span class='ocrx_word' id='word_1_156' title='bbox 663 3464 705 3517; x_wconf 87' lang='lat' dir='ltr'>IN</span> <span class='ocrx_word' id='word_1_157' title='bbox 729 3462 889 3519; x_wconf 84' lang='lat' dir='ltr'>HOSEAM</span> <span class='ocrx_word' id='word_1_158' title='bbox 913 3460 1076 3518; x_wconf 84' lang='lat' dir='ltr'><strong>PROPHE·</strong></span> 
     </span>
     <span class='ocr_line' id='line_1_25' title="bbox 182 3532 1077 3605; baseline 0.002 -18"><span class='ocrx_word' id='word_1_159' title='bbox 182 3535 224 3605; x_wconf 79' lang='lat' dir='ltr'>M,</span> <span class='ocrx_word' id='word_1_160' title='bbox 244 3534 287 3587; x_wconf 86' lang='lat' dir='ltr'>IN</span> <span class='ocrx_word' id='word_1_161' title='bbox 299 3532 475 3588; x_wconf 81' lang='lat' dir='ltr'>PVBLICIS</span> <span class='ocrx_word' id='word_1_162' title='bbox 493 3534 736 3603; x_wconf 87' lang='lat' dir='ltr'>praelectionibus</span> <span class='ocrx_word' id='word_1_163' title='bbox 753 3552 778 3589; x_wconf 85' lang='lat' dir='ltr'>a.</span> <span class='ocrx_word' id='word_1_164' title='bbox 795 3535 833 3587; x_wconf 89' lang='lat' dir='ltr'>M.</span> <span class='ocrx_word' id='word_1_165' title='bbox 852 3535 922 3590; x_wconf 81' lang='lat' dir='ltr'>vito</span> <span class='ocrx_word' id='word_1_166' title='bbox 928 3532 1077 3589; x_wconf 76' lang='lat' dir='ltr'>Theodoro</span> 
     </span>
     <span class='ocr_line' id='line_1_26' title="bbox 182 3603 1075 3671; baseline 0 -12"><span class='ocrx_word' id='word_1_167' title='bbox 182 3604 364 3671; x_wconf 85' lang='lat' dir='ltr'>rmbergcnsi</span> <span class='ocrx_word' id='word_1_168' title='bbox 394 3605 513 3659; x_wconf 89' lang='lat' dir='ltr'>collecta</span> <span class='ocrx_word' id='word_1_169' title='bbox 542 3610 572 3659; x_wconf 90' lang='lat' dir='ltr'>et</span> <span class='ocrx_word' id='word_1_170' title='bbox 602 3606 688 3660; x_wconf 90' lang='lat' dir='ltr'>edita.</span> <span class='ocrx_word' id='word_1_171' title='bbox 742 3603 847 3659; x_wconf 88' lang='lat' dir='ltr'><strong>ANNO</strong></span> <span class='ocrx_word' id='word_1_172' title='bbox 876 3606 916 3659; x_wconf 91' lang='lat' dir='ltr'>M.</span> <span class='ocrx_word' id='word_1_173' title='bbox 932 3604 968 3659; x_wconf 89' lang='lat' dir='ltr'>D.</span> <span class='ocrx_word' id='word_1_174' title='bbox 987 3603 1075 3659; x_wconf 87' lang='lat' dir='ltr'>XLV.</span> 
     </span>
     <span class='ocr_line' id='line_1_27' title="bbox 182 3673 1077 3731; baseline -0.001 -1"><span class='ocrx_word' id='word_1_175' title='bbox 182 3673 353 3730; x_wconf 73' lang='lat' dir='ltr'>AEFA&#39;l&#39;IO</span> <span class='ocrx_word' id='word_1_176' title='bbox 367 3674 409 3729; x_wconf 78' lang='lat' dir='ltr'>IN</span> <span class='ocrx_word' id='word_1_177' title='bbox 420 3675 579 3730; x_wconf 85' lang='lat' dir='ltr'>HOSEAM</span> <span class='ocrx_word' id='word_1_178' title='bbox 596 3676 833 3731; x_wconf 80' lang='lat' dir='ltr'><strong>PROPHETAM</strong></span> <span class='ocrx_word' id='word_1_179' title='bbox 850 3676 901 3730; x_wconf 83' lang='lat' dir='ltr'>DE</span> <span class='ocrx_word' id='word_1_180' title='bbox 913 3673 1077 3731; x_wconf 87' lang='lat' dir='ltr'><strong>PROPHE-</strong></span> 
     </span>
     <span class='ocr_line' id='line_1_28' title="bbox 182 3746 965 3816; baseline 0.001 -15"><span class='ocrx_word' id='word_1_181' title='bbox 182 3764 247 3801; x_wconf 79' lang='lat' dir='ltr'>rum</span> <span class='ocrx_word' id='word_1_182' title='bbox 265 3746 401 3816; x_wconf 86' lang='lat' dir='ltr'>lectione,</span> <span class='ocrx_word' id='word_1_183' title='bbox 420 3751 451 3801; x_wconf 91' lang='lat' dir='ltr'>et</span> <span class='ocrx_word' id='word_1_184' title='bbox 468 3752 637 3814; x_wconf 83' lang='lat' dir='ltr'>argumento</span> <span class='ocrx_word' id='word_1_185' title='bbox 655 3749 826 3804; x_wconf 88' lang='lat' dir='ltr'>concionum</span> <span class='ocrx_word' id='word_1_186' title='bbox 843 3748 965 3803; x_wconf 83' lang='lat' dir='ltr'>Hoseae.</span> 
     </span>
    </p>
   </div>
   <div class='ocr_carea' id='block_1_11' title="bbox 1251 464 1281 2379">
    <p class='ocr_par' dir='ltr' id='par_1_12' title="bbox 1251 464 1281 2379">
     <span class='ocr_line' id='line_1_29' title="bbox 1251 464 1281 2379; textangle 90"><span class='ocrx_word' id='word_1_187' title='bbox 1260 1919 1281 2379; x_wconf 42' lang='lat' dir='ltr'>{Qffiw12-Q1·aaz-2:552&amp;</span> <span class='ocrx_word' id='word_1_188' title='bbox 1251 1341 1280 1910; x_wconf 55' lang='lat' dir='ltr'>Q-···=:2zfflfflx</span> <span class='ocrx_word' id='word_1_189' title='bbox 1266 1292 1275 1309; x_wconf 56' lang='lat' dir='ltr'>-r</span> <span class='ocrx_word' id='word_1_190' title='bbox 1265 1228 1276 1261; x_wconf 42' lang='grc' dir='ltr'><em>ψ</em></span> <span class='ocrx_word' id='word_1_191' title='bbox 1270 1122 1275 1125; x_wconf 76' lang='grc'>.</span> <span class='ocrx_word' id='word_1_192' title='bbox 1265 1088 1271 1095; x_wconf 92' lang='grc'>-</span> <span class='ocrx_word' id='word_1_193' title='bbox 1265 1066 1272 1073; x_wconf 52' lang='lat'><strong>1</strong></span> <span class='ocrx_word' id='word_1_194' title='bbox 1264 1028 1271 1047; x_wconf 84' lang='lat'>-—</span> <span class='ocrx_word' id='word_1_195' title='bbox 1261 933 1273 949; x_wconf 56' lang='lat' dir='ltr'><em>s</em></span> <span class='ocrx_word' id='word_1_196' title='bbox 1252 894 1276 908; x_wconf 50' lang='grc' dir='ltr'><strong>ζ</strong></span> <span class='ocrx_word' id='word_1_197' title='bbox 1260 861 1266 874; x_wconf 84' lang='lat'><em>-</em></span> <span class='ocrx_word' id='word_1_198' title='bbox 1256 831 1258 840; x_wconf 71' lang='grc'><strong>-</strong></span> <span class='ocrx_word' id='word_1_199' title='bbox 1260 788 1270 814; x_wconf 23' lang='grc' dir='ltr'>Α»</span> <span class='ocrx_word' id='word_1_200' title='bbox 1258 705 1259 708; x_wconf 46' lang='lat'><em>⁴</em></span> <span class='ocrx_word' id='word_1_201' title='bbox 1263 620 1271 633; x_wconf 59' lang='grc'>-,</span> <span class='ocrx_word' id='word_1_202' title='bbox 1272 576 1274 587; x_wconf 31' lang='lat' dir='ltr'><strong><em>A</em></strong></span> <span class='ocrx_word' id='word_1_203' title='bbox 1272 554 1274 557; x_wconf 97' lang='lat'>.</span> <span class='ocrx_word' id='word_1_204' title='bbox 1254 505 1271 533; x_wconf 58' lang='lat'>3?</span> <span class='ocrx_word' id='word_1_205' title='bbox 1268 464 1271 467; x_wconf 85' lang='lat'><em>-</em></span> 
     </span>
    </p>
   </div>
   <div class='ocr_carea' id='block_1_12' title="bbox 1260 2384 1281 3299">
    <p class='ocr_par' dir='ltr' id='par_1_13' title="bbox 1260 2384 1281 3299">
     <span class='ocr_line' id='line_1_30' title="bbox 1260 2384 1281 3299; textangle 90"><span class='ocrx_word' id='word_1_206' title='bbox 1279 3270 1281 3299; x_wconf 43' lang='grc'><strong><em>9</em></strong></span> <span class='ocrx_word' id='word_1_207' title='bbox 1275 3138 1278 3147; x_wconf 31' lang='grc' dir='ltr'>κ</span> <span class='ocrx_word' id='word_1_208' title='bbox 1276 3094 1278 3101; x_wconf 81' lang='grc'><strong>-</strong></span> <span class='ocrx_word' id='word_1_209' title='bbox 1260 2972 1281 3067; x_wconf 54' lang='lat' dir='ltr'>igi-:1³</span> <span class='ocrx_word' id='word_1_210' title='bbox 1261 2918 1278 2931; x_wconf 65' lang='grc' dir='ltr'><strong>Ἴ</strong></span> <span class='ocrx_word' id='word_1_211' title='bbox 1263 2862 1278 2903; x_wconf 75' lang='lat' dir='ltr'>··:&#39;v·</span> <span class='ocrx_word' id='word_1_212' title='bbox 1261 2708 1281 2835; x_wconf 40' lang='lat'>22:233}</span> <span class='ocrx_word' id='word_1_213' title='bbox 1260 2494 1281 2709; x_wconf 45' lang='lat'>1231*2.22521‘‡=:2</span> <span class='ocrx_word' id='word_1_214' title='bbox 1260 2448 1281 2501; x_wconf 59' lang='lat'>”222²</span> <span class='ocrx_word' id='word_1_215' title='bbox 1261 2384 1281 2462; x_wconf 68' lang='grc' dir='ltr'><em>““Ξ;9</em></span> 
     </span>
    </p>
   </div>
   <div class='ocr_carea' id='block_1_13' title="bbox 0 0 1293 4225">
    <p class='ocr_par' dir='ltr' id='par_1_14' title="bbox 0 0 1293 4225">
     <span class='ocr_line' id='line_1_31' title="bbox 0 0 1293 4225; baseline 0 0"><span class='ocrx_word' id='word_1_216' title='bbox 0 0 1293 4225; x_wconf 95' lang='lat' dir='ltr'> </span> 
     </span>
    </p>
   </div>
  </div>
 </body>
</html>
