2575 4225
834 277 905 339 in
951 277 1067 340 loe.
1118 278 1370 340 Hoseae
1416 277 1597 342 xm.
2033 280 2157 340 527*

459 455 549 517 Ut
576 455 737 517 haec
766 453 1049 531 victoria,
1084 475 1217 517 non
1249 455 1337 516 sit
1369 453 1605 517 Christi
1633 455 1901 520 victoris.
1929 460 2157 532 astina,

277 543 391 608 sed
438 548 657 606 nostra
701 543 965 606 victoria
1022 544 1310 624 passiva,
1375 563 1572 623 quam
1633 544 1818 608 nobis
1869 548 2161 608 Christ-us

278 652 396 696 uua
438 633 705 696 victoria
749 632 1018 713 peperit,
1068 633 1330 708 seilicet,
1379 652 1551 694 mors
1598 634 1794 696 etiam
1833 636 2017 696 nohis
2053 639 2157 696 sl]-

276 726 496 802 sorpta
540 728 639 784 est
682 722 825 801 (per
854 721 1183 784 Christum
1228 720 1561 798 victorem)
1596 727 1672 785 ut
1701 723 1834 786 vita
1865 724 1929 784 in
1965 732 2157 784 aster-

275 830 438 873 num
482 810 859 892 triumphet.
953 810 1085 872 Nee
1131 829 1277 890 spes
1324 810 1456 871 ulla
1502 811 1588 873 sit
1631 812 1857 888 morti,
1921 824 1989 876 ut
2045 836 2153 872 un-

276 918 476 981 quam
520 898 756 974 redeat,
805 919 888 960 ne
934 898 1018 960 ad
1048 918 1338 979 pugnam
1368 898 1653 979 quidem,
1703 900 1905 964 multo
1941 904 2157 964 minus

275 988 361 1050 ad
403 988 739 1053 victoriam
785 1007 899 1050 seu
943 1007 1233 1067 regnum,
1284 988 1473 1067 quale
1517 988 1831 1053 hactenus
1877 1000 1941 1052 st
1985 1012 2157 1052 mmm

272 1077 472 1139 habet
515 1077 587 1138 in
632 1078 752 1140 nos
797 1077 1188 1139 miserrimos
1232 1076 1550 1139 homines.
1799 1154 1802 1157 Ι

453 1165 556 1228 Sic
601 1166 836 1227 Paulus
881 1161 1105 1229 Rom.³¹‘
1153 1165 1211 1228 5.
1307 1166 1396 1228 Ut
1451 1166 1617 1229 sieut
1668 1168 1957 1246 regnavit
2021 1192 2153 1248 pss-

273 1260 492 1318 catum
537 1253 621 1316 ad
667 1260 939 1316 mortem
961 1304 975 1331 ,
1030 1254 1125 1316 ita
1169 1258 1393 1333 regnet
1438 1254 1642 1333 gratia
1685 1275 1810 1334 per
1843 1256 2153 1320 iustitiam

271 1344 343 1405 in
388 1343 592 1407 vitam
624 1349 968 1419 aeternam,
1017 1362 1132 1423 per
1159 1343 1424 1405 Ihesum
1457 1343 1785 1406 Christum
1817 1344 2153 1408 dominum

272 1437 585 1494 nostrum.
680 1431 765 1495 Et
808 1433 1077 1494 iterum:
1127 1432 1304 1494 Mors
1349 1433 1642 1511 regnavit
1687 1433 1768 1495 ab
1798 1434 2005 1496 Adam
2057 1456 2157 1496 us—

273 1540 399 1601 que
447 1520 529 1582 ad
576 1520 819 1583 Mosen.
916 1521 1020 1582 Ex
1063 1520 1144 1582 iis
1189 1520 1569 1600 intelligitur
1584 1571 1598 1598 ,
1659 1523 1925 1584 Paulum
1997 1524 2153 1584 illud

270 1610 539 1672 verbum
590 1609 879 1685 ,Nezach‘
931 1609 1105 1689 quod
1151 1610 1372 1686 nostri,
1421 1610 1493 1671 in
1538 1611 1756 1687 finem,
1806 1612 1877 1672 in
1925 1616 2149 1692 ssfflpi-

270 1704 528 1761 ternum
548 1747 561 1774 ,
632 1699 793 1760 Lxx.
852 1698 1213 1778 praevalere
1234 1748 1247 1774 ,
1309 1698 1712 1783 interpretati
1769 1708 1950 1776 sunt,
2017 1724 2151 1780 μιν

269 1787 542 1864 vincere,
592 1792 657 1851 et
700 1786 968 1850 victoria
1011 1806 1374 1868 usurpasse.
1470 1788 1555 1849 Et
1585 1787 1744 1867 quid
1774 1788 1985 1851 verius
2025 1792 2153 1848 disi

270 1882 500 1958 potest,
550 1895 749 1956 quam
792 1876 980 1937 illum
1024 1875 1276 1961 vincere
1323 1880 1389 1937 et
1432 1876 1793 1956 praevalere
1814 1926 1827 1952 ,
1877 1880 1985 1956 qni
2039 1900 2153 1940 ,sus

272 1965 633 2028 adversario
678 1965 1041 2027 intereunte
1087 1962 1198 2027 vel
1243 1964 1543 2045 absorpto
1561 2014 1575 2042 ,
1631 1965 1772 2046 ipse
1830 1966 1901 2028 in
1961 1976 2149 2028 soter-

271 2073 432 2117 num
478 2059 701 2118 manet
746 2054 960 2118 salvus
1008 2059 1073 2117 et
1118 2053 1473 2135 gloriosus?

268 2229 610 2340 Posterior
652 2232 832 2295 loeus
878 2238 976 2295 est
1018 2233 1158 2309 hie,
1224 2252 1419 2311 quem
1476 2232 1548 2294 in
1604 2233 1905 2295 manibus
1961 2237 2149 2297 habs-

390 2340 556 2396 mus,
607 2340 804 2400 quem
850 2341 1045 2401 supra
1090 2340 1173 2383 ex
1218 2322 1468 2383 Ebraeo
1513 2321 1929 2385 reddidimus.
2025 2325 2149 2385 Ifhi

271 2416 425 2472 sunt
469 2410 871 2490 pestilentiae
916 2416 1096 2486 tuae,
1156 2411 1378 2473 mors?
1469 2410 1600 2473 Ubi
1650 2410 1790 2473 lues
1848 2417 1989 2485 tua,
2061 2413 2149 2473 in-

270 2498 495 2560 ferne‘?
542 2498 729 2571 Quod
760 2498 995 2561 Paulus
1041 2499 1133 2561 sie
1176 2498 1417 2561 reddit:
1464 2499 1594 2561 Ubi
1639 2504 1791 2562 tuus
1838 2510 1933 2561 est
1985 2521 2149 2561 1·]·1ors

271 2587 617 2650 stimulus?
708 2588 839 2651 Ubi
883 2594 994 2651 tua
1040 2587 1290 2649 inferne
1336 2588 1649 2650 victoria?

448 2677 575 2738 Hie
620 2696 878 2740 neeesse
925 2681 1039 2752 est,
1088 2676 1424 2757 paulinam
1468 2677 1857 2755 theologiam
1897 2677 1977 2737 tls
2013 2699 2149 2757 pss-

268 2771 429 2841 eatO,
490 2766 603 2827 Ro.
664 2766 754 2841 5.,
822 2768 913 2842 6.,
965 2760 1099 2827 7.**
1143 2766 1625 2846 praecognitam
1669 2766 1933 2841 habere.
1997 2789 2145 2825 nam

265 2855 484 2916 Hosea
526 2853 703 2915 idem
747 2856 887 2918 vult
931 2874 1081 2916 cum
1119 2855 1179 2916 S.
1214 2856 1431 2916 Paulo.
1524 2855 1772 2935 Nempe
1803 2876 2001 2933 genus
2037 2857 2145 2917 lni-

266 2962 538 3005 manum
582 2948 793 3006 totum
840 2944 1037 3006 semel
1084 2962 1221 3005 esse
1268 2948 1642 3023 corruptum
1699 2947 1764 3004 et
1821 2945 2149 3023 perditum

266 3037 558 3113 peceatO,
608 3052 722 3112 per
766 3033 1054 3112 primum
1097 3032 1432 3094 hominem
1451 3080 1464 3106 ‚
1516 3030 1689 3110 quod
1735 3038 1917 3094 voca-ft
1965 3033 2149 3109 *frigi-

266 3121 441 3196 nale,
508 3126 700 3200 atque
745 3121 869 3184 hoc
915 3122 1134 3201 ipsum
1180 3138 1479 3183 successu
1524 3119 1833 3200 temporis
1885 3130 2149 3181 sumum

266 3210 466 3272 fuisse
513 3210 869 3273 actualibus
914 3210 1223 3291 peccatis,
1285 3209 1481 3272 simul
1524 3215 1591 3271 et
1634 3228 1873 3289 poenas
1929 3221 2149 3269 suetas

268 3317 432 3375 esse,
491 3317 744 3379 semper
788 3299 965 3361 enim
1012 3305 1077 3361 et
1122 3298 1410 3378 quotidie
1459 3302 1811 3377 augescunt
1853 3305 2145 3377 uti-alpis..

445 3387 589 3449 Hoc
655 3393 993 3468 peceatum
1060 3392 1246 3452 vocat
1313 3387 1715 3468 pestilentias
1783 3389 2005 3449 mort-is
2085 3393 2149 3449 st

350 3496 440 3538 em
488 3476 756 3553 inferni,
820 3477 987 3539 sieut
1032 3476 1223 3541 dicit:
1305 3475 1617 3538 Stimulus
1662 3474 1885 3537 mortis
1933 3497 2145 3553 [mmm-

446 3686 497 3754 *)
536 3687 609 3740 In
645 3702 821 3753 marg.
860 3683 1173 3742 coll.'1en.:
1224 3686 1387 3740 Rom.
1425 3683 1475 3738 5.
1551 3683 1633 3753 ¹'²⁸¹)
1672 3685 1744 3737 In
1794 3700 1965 3749 marg.
2025 3685 2141 3737 soll.

340 3775 412 3812 ωε
452 3758 617 3812 Rom.
656 3758 725 3828 5.,
764 3758 832 3828 6.,
859 3758 920 3811 ·7.
