2575 4225
217 288 281 351 204
532 287 636 369 Caput
659 287 838 350 secundum

216 473 302 529 stum
319 465 489 546 adoptatur
504 465 539 527 in
555 465 646 541 filios,
665 466 700 527 in
717 471 883 528 aeternum
899 484 966 527 esse
981 464 1160 541 victurum,

215 556 293 619 Vita
307 561 416 618 autem
432 555 602 616 consistere
618 574 685 617 non
700 561 814 635 potest,
838 554 895 616 ubi
911 559 959 616 est
973 560 1159 635 peccatum.

214 644 298 708 Nam
321 643 443 724 peccati
466 642 665 724 stipendium
688 662 773 705 mors
797 650 853 706 est.

111 806 120 815 ,
309 726 432 812 ¹Atque
447 733 512 794 huc
528 731 713 794 adhibenda
726 733 785 795 lux
800 738 848 794 est
863 732 939 795 novi
958 732 1159 808 testamenti,

13 821 30 918 ff
215 822 303 901 quod
322 842 388 883 non
403 822 508 883 solum
522 820 687 901 praedicat
702 822 875 901 gratuitam
891 820 1159 897 misericordiam,

216 931 281 991 qua
302 910 495 991 adoptamur
516 910 553 972 in
575 910 667 985 filios,
692 910 749 973 sed
772 910 871 971 etiarn
894 929 1024 971 causam
1045 914 1161 971 tantae
1280 900 1282 967 ἕ

215 999 451 1061 misericordiae
475 998 632 1074 ostendit,
663 998 783 1061 scilicet
807 998 984 1074 Christum,
1017 998 1073 1077 qui
1097 1019 1162 1078 pro

215 1088 354 1170 peccatis
377 1088 494 1150 nostris
513 1107 546 1149 se
562 1087 705 1163 tradidit,
729 1093 763 1149 et
777 1107 836 1149 sua
851 1093 953 1150 morte
969 1088 1009 1149 ab
1026 1093 1160 1149 aeterna

215 1183 318 1240 morte
341 1197 400 1240 nos
422 1177 579 1239 liberavit,
618 1177 689 1238 Hoc
705 1176 823 1239 Christi
845 1176 1039 1238 beneficium
1062 1195 1159 1239 evan-

216 1266 335 1345 gelium
358 1266 508 1341 ostendit,
534 1266 586 1327 cui
609 1266 667 1344 qui
690 1264 833 1341 credunt,
857 1265 893 1326 hi
916 1265 1000 1326 fiunt
1017 1264 1076 1325 filii
1092 1264 1158 1325 dei.

217 1355 306 1434 Sicut
327 1355 488 1417 Iohannes
512 1347 625 1420 dioitzt
662 1353 759 1415 Dedit
782 1354 827 1417 eis
850 1358 1043 1435 potestatem
1072 1353 1159 1415 filios

217 1444 269 1507 dei
315 1444 399 1518 fieri,
445 1443 513 1519 his,
560 1443 617 1522 qui
655 1442 790 1505 credunt
828 1443 863 1505 in
903 1442 1033 1505 nomine
1075 1442 1159 1517 eius,

216 1554 283 1597 non
306 1533 363 1612 qui
380 1532 658 1611 exsanguinibus,
682 1552 787 1611 neque
804 1552 844 1593 ex
859 1532 1023 1594 voluntate
1039 1532 1159 1607 carnis,
1277 1598 1282 1615 Ι

217 1642 277 1685 nec
309 1642 350 1684 ex
379 1621 543 1684 voluntate
574 1621 651 1696 viri,
688 1620 744 1682 sed
773 1640 814 1681 ex
847 1621 908 1683 dec
942 1621 1011 1683 nati
1046 1614 1156 1682 sunt³

218 1711 395 1791 Sanguines
417 1715 510 1773 vocat
532 1710 769 1789 generationem
792 1710 962 1773 carnalem.
1009 1708 1061 1771 Sic
1077 1709 1160 1771 Cain

218 1805 267 1862 est
288 1800 373 1862 filius
396 1800 502 1874 Adae,
535 1799 591 1860 sed
618 1819 684 1860 non
711 1798 784 1860 ideo
806 1798 905 1861 habet
934 1797 1032 1860 fidem
1052 1798 1157 1873 Adae,

218 1896 250 1953 et
272 1909 329 1969 per
351 1907 550 1968 consequens
573 1908 639 1949 non
666 1886 738 1949 ideo
769 1893 818 1950 est
847 1887 933 1949 filius
962 1881 1044 1949 dei4
1095 1888 1156 1950 Vo-

217 1979 376 2040 luntatem
399 1977 504 2039 carnis
526 1983 619 2040 vocat
645 1976 834 2039 electionem
861 1996 919 2039 seu
948 1975 1157 2056 adoptionem

217 2068 411 2143 humanam,
441 2067 524 2130 sicut
545 2066 638 2130 Heva
660 2065 783 2128 iudicat
810 2065 850 2128 dc
873 2065 967 2142 Cain,
997 2065 1157 2141 futurum,

218 2161 256 2218 ut
277 2162 403 2235 reparet
426 2155 546 2216 damna
567 2155 603 2216 in
625 2155 775 2236 paradiso
798 2153 939 2236 accepta.
984 2155 1082 2217 Iacob
1107 2175 1156 2216 ex·

218 2243 342 2305 istimat
364 2243 450 2304 Esau
472 2243 540 2305 fore
562 2243 734 2305 haeredem
757 2245 992 2324 promissionis,
1022 2243 1079 2306 sed
1103 2244 1159 2305 fal·

156 2357 161 2364 ·
218 2332 296 2394 litur
318 2351 456 2411 quoque.
495 2331 568 2393 Non
590 2331 679 2393 enim
702 2333 781 2395 haec
804 2333 887 2396 fiunt
903 2333 996 2396 iuxta
1011 2343 1158 2395 nostrum

218 2420 386 2484 iudicium.
433 2420 485 2483 Sic
507 2440 664 2500 maguum
693 2442 812 2484 nomen
843 2422 941 2486 habet
969 2423 1005 2484 in
1033 2421 1158 2484 mundo

219 2516 322 2574 status
345 2509 570 2591 spiritualium,
594 2517 632 2574 ut
654 2518 785 2587 vocant,
814 2511 871 2573 sed
894 2531 959 2574 uon
982 2511 1056 2574 ideo
1079 2510 1160 2573 deus

219 2619 273 2660 eos
304 2600 475 2680 approbat,
511 2599 589 2678 quia
620 2600 763 2663 mundus
798 2601 964 2681 approbat.
1017 2601 1163 2681 Respicit
1280 2571 1282 2600 ⁷

220 2687 307 2748 enim
352 2686 466 2763 fidem,
513 2689 559 2749 ita
604 2689 752 2752 voluntas
798 2689 916 2766 carnis,
970 2710 1037 2754 non
1082 2689 1162 2753 facit

219 2775 302 2837 filios
336 2769 419 2836 dei.⁵
468 2777 626 2840 Voluntas
660 2777 720 2840 viri
755 2784 803 2840 est
836 2779 974 2841 imitatio
1009 2798 1067 2841 seu
1097 2784 1161 2840 stu·

218 2863 311 2926 dium
333 2864 514 2940 hominum,
540 2866 608 2927 sine
632 2866 747 2947 spiritu
771 2872 890 2943 sancte,
916 2867 1004 2946 quod
1027 2889 1093 2930 non
1115 2867 1162 2930 fa·
1280 2891 1282 2900 ’

219 2953 264 3015 cit
286 2953 368 3016 filios
392 2953 461 3030 dei,
487 2953 543 3016 sed
565 2955 624 3016 filii
648 2955 700 3017 dei
723 2976 764 3017 ex
785 2956 847 3018 dec
870 2961 1060 3033 nascuntur,
1086 2976 1162 3019 cum

198 3042 353 3122 'spiritus
377 3049 507 3106 sanctus
530 3063 588 3125 per
611 3044 813 3122 evangelium
835 3045 933 3107 fidem
957 3045 1103 3107 accendit
1124 3045 1162 3108 in
1280 3109 1282 3132 ,

220 3131 369 3195 cordibus
392 3139 429 3194 ut
451 3139 595 3196 statuant
617 3153 651 3196 se
675 3139 804 3213 propter
827 3133 990 3196 Christum
1013 3139 1162 3215 acceptos

219 3238 298 3282 esse.
344 3208 416 3283 Hoc
444 3221 636 3284 beneficium
668 3222 785 3284 Paulus
818 3216 942 3302 egregie
975 3227 1092 3284 tractat
1125 3223 1161 3284 in

219 3307 356 3389 epistola
378 3309 420 3370 ad
435 3309 527 3371 Rom.
553 3313 582 3373 8.
607 3311 665 3374 ubi
688 3311 782 3374 dicit:
808 3311 842 3372 Si
857 3310 924 3386 filii,
950 3330 1023 3390 ergo
1040 3317 1072 3373 et
1087 3311 1161 3374 hae·

219 3397 320 3473 redes,
344 3397 498 3460 haeredes
514 3399 648 3479 quidem
663 3399 725 3476 dei,
751 3400 807 3463 sed
823 3399 1013 3462 cohaeredes
1030 3399 1129 3462 Chris

219 3486 368 3550 Ostendit
398 3488 485 3550 euim
513 3488 568 3550 hic
589 3488 782 3566 discrimen,
820 3489 906 3568 quod
930 3487 1076 3550 Christus
1107 3509 1129 3548 n

310 3695 337 3762 1)
365 3697 486 3750 Roman.
512 3697 536 3749 6.
574 3697 601 3765 2)
629 3699 721 3752 Locus
750 3699 850 3752 Iohan.
876 3698 899 3751 1.
936 3697 964 3766 3)
991 3697 1129 3764 Sanguint

220 3763 251 3833 4)
268 3765 411 3820 Voluntas
429 3768 531 3821 carnis.
568 3768 596 3835 5)
615 3770 756 3823 Voluntas
775 3769 838 3824 viri.
