2575 4225
209 263 274 328 276
549 263 655 343 Caput
677 262 808 325 tertium

214 439 346 551 ¹Nobis
370 446 478 503 autem
501 440 604 503 facilis
624 441 790 521 responsio
806 445 862 515 est,
888 440 945 519 qui
961 438 1155 501 confitemur

301 530 467 592 Christum
491 548 559 593 esse
582 548 696 592 verum
719 529 826 605 deum,
855 529 913 609 qui
935 528 996 591 etsi
1019 548 1038 590 a
1060 534 1152 609 patre

208 621 245 681 in
272 639 311 681 eo
338 618 464 692 differt,
501 618 589 698 quod
612 618 739 698 genitus
762 621 812 680 est
833 638 874 680 ex
903 623 1009 699 patre,
1041 623 1154 679 tamen

209 707 299 787 quod
322 706 364 769 ad
385 706 591 771 divinitatem
614 706 763 787 pertinet,
788 712 912 788 apatre
928 706 1012 768 nihil
1032 705 1150 768 differt.

210 798 293 858 Nam
317 796 396 858 deus
419 802 510 877 pater
532 816 573 857 ex
596 815 655 858 sua
678 800 807 859 aeterna
829 802 945 859 natura
971 794 1055 859 nihil
1084 800 1152 875 pot·
1278 796 1284 875 -ξ

210 891 260 948 est
282 886 420 964 gignere,
445 884 532 965 quod
555 905 621 946 non
645 885 688 947 sit
711 890 887 961 aeternum,
912 884 995 947 siout
1018 884 1155 965 epistole
1276 887 1283 909 ²

211 973 253 1036 ad
276 968 445 1049 Ebrae0s‚²
478 973 551 1037 ideo
573 974 738 1035 Christum
768 974 909 1055 appellat
937 974 1154 1035 aharaoterem

211 1063 409 1126 substantiae
432 1062 542 1144 patris,
567 1068 600 1124 et
622 1054 817 1142 ἀπαύγασμα
832 1062 960 1143 gloriae.
1007 1062 1051 1125 Et
1066 1061 1153 1123 Chri-

211 1159 280 1216 stus
303 1152 344 1213 ad
361 1152 550 1233 Philippum
572 1144 688 1213 dicit:³
715 1151 873 1232 Philippa,
899 1152 956 1231 qui
978 1170 1031 1212 me
1054 1150 1152 1225 videt,

211 1241 300 1304 videt
322 1246 447 1321 patrem
469 1260 589 1303 meum.
636 1242 689 1301 An
713 1260 779 1302 non
803 1239 916 1317 credis,
941 1238 1028 1320 quod
1043 1259 1103 1319 ego
1119 1238 1156 1301 in
1273 1291 1284 1329 ,

211 1335 301 1411 patre
324 1350 407 1404 sum,
431 1334 464 1390 et
486 1328 635 1409 poterin
657 1348 710 1390 me
734 1330 807 1393 est?
829 1328 942 1393 lohan.
969 1328 1020 1389 14.

300 1417 452 1498 Appellat
473 1423 583 1480 autem
612 1418 771 1498 propheta
799 1437 874 1480 eum
906 1437 989 1479 novo
1020 1416 1154 1479 nomine
1274 1419 1284 1488 ξ·

212 1505 379 1581 Davidem,
403 1511 441 1567 ut
463 1506 645 1569 ostenderet
668 1511 835 1569 aeternum
859 1506 911 1569 dei
933 1506 1038 1567 filium
1054 1506 1154 1568 nasei·
1275 1541 1281 1572 ι

211 1601 322 1657 turum
344 1594 379 1655 in
401 1595 490 1655 huno
511 1594 673 1657 mundum
696 1596 858 1676 exstirpe
881 1594 1027 1671 Davidis,
1054 1601 1087 1657 et
1109 1595 1155 1656 in-
1275 1613 1284 1664 t

211 1682 350 1746 sulcaret
384 1683 505 1764 populo
542 1684 771 1764 promissiones
799 1684 916 1747 Davidi
949 1684 989 1745 de
1024 1688 1168 1746 aeterno¹
1282 1668 1284 1747 l

212 1772 348 1836 Messias
382 1792 480 1852 regno
514 1772 631 1848 factas,
673 1773 756 1835 siout
792 1773 890 1835 huius
932 1772 1155 1854 promissionis
1277 1806 1284 1858 Δ·

208 1862 311 1925 etiam
334 1862 467 1940 angelus
489 1854 674 1924 meminit:⁴
701 1860 800 1925 Dabit
822 1861 852 1923 ei
871 1858 1021 1924 dominus
1038 1862 1157 1924 solium
1282 1916 1284 1925 ,

116 1986 130 2036 ¹-
213 1949 313 2031 patris
337 1950 387 2011 sui
410 1949 530 2025 David,
556 1957 588 2012 et
610 1950 759 2030 regnabit
782 1970 878 2031 super
900 1950 1035 2013 'domum
1058 1950 1156 2013 Iacob
1282 1996 1284 2001 .

211 2040 249 2100 in
272 2044 447 2101 aeternum.
494 2040 570 2101 Luc.
598 2041 626 2101 1.
1282 2036 1284 2057 ¹

308 2121 439 2207 ⁵Igitur'
451 2129 531 2190 haee
555 2129 715 2192 sententia
734 2149 770 2192 eo
787 2129 934 2210 pertinet,
959 2133 997 2191 ut
1012 2129 1156 2211 primum

212 2234 273 2278 nos
296 2215 410 2278 doceat
431 2216 471 2279 de
494 2237 632 2297 persona
654 2219 791 2280 Messiae
823 2237 879 2281 seu
902 2217 1036 2294 Christi,
1069 2217 1157 2298 quod
1282 2235 1284 2276 ε

213 2306 257 2367 sit
283 2303 464 2367 nasciturus
493 2325 534 2366 ex
561 2306 683 2368 semine
715 2305 848 2371 Daridis
879 2306 1058 2369 seeundum
1094 2327 1156 2370 oar·

213 2413 304 2469 nem,
341 2413 382 2456 ne
416 2393 602 2458 dubitemus
637 2415 712 2458 eum
747 2415 815 2458 esse
850 2415 961 2458 verum
987 2396 1157 2459 hominem

214 2482 348 2545 Davidis
363 2483 511 2560 similem,
529 2483 709 2546 secundum
725 2504 863 2560 carnem,
885 2489 1043 2548 ettamen
1059 2485 1156 2566 quod,

213 2576 252 2633 ut
267 2565 410 2633 Miohas⁶
438 2571 525 2648 dicit,
550 2574 620 2635 eius
643 2593 788 2653 egressus
813 2573 856 2636 sit
877 2575 918 2636 ab
935 2575 1078 2654 antiquis
1094 2575 1157 2637 die·

214 2661 276 2720 bus
300 2663 332 2720 et
354 2678 374 2719 a
397 2661 512 2736 seculo,
537 2661 599 2724 hoc
622 2668 679 2738 est,
705 2661 793 2742 quod
815 2668 931 2725 natura
954 2663 997 2725 sit
1019 2661 1113 2740 deus,
1139 2684 1160 2725 a

214 2746 276 2808 deo
300 2747 341 2808 ab
365 2752 494 2811 aeterno
516 2749 653 2830 genitus,
680 2751 861 2832 coaequalis
884 2751 969 2832 patri
991 2751 1026 2813 in
1046 2752 1157 2833 gloria.

215 2836 310 2897 Hanc
334 2835 551 2915 cognitionem
574 2838 638 2901 nisi
661 2841 775 2902 afferas
803 2839 845 2902 ad
868 2840 1046 2916 Christum,
1078 2862 1157 2904 nun·

215 2944 315 3004 quam
338 2924 458 3006 poteris
472 2925 700 3004 victoriosius,
726 2948 790 3008 qua
806 2934 983 3009 peccatum,
1008 2935 1157 3007 mortem,

215 3019 249 3076 et
271 3013 424 3078 Satauam
446 3016 532 3092 vicit,
558 3017 705 3096 gaudere.
753 3017 837 3078 Nam
853 3017 964 3082 divina
978 3019 1098 3083 virtute
1118 3019 1159 3081 ad

214 3103 275 3164 hos
298 3102 406 3166 hostes
430 3111 555 3168 nostros
578 3105 754 3168 vincendos
777 3125 859 3186 opus
883 3107 959 3184 fuit,
984 3108 1057 3170 ideo
1080 3109 1158 3170 Pau·

215 3191 267 3252 lus
289 3191 325 3252 in
339 3192 492 3254 Romanis
516 3187 623 3269 dicit,⁷
652 3194 816 3258 Christum
840 3195 1037 3260 declaratum
1054 3197 1160 3258 filium
1282 3243 1284 3278 ;

240 3428 242 3431 ·
307 3401 333 3469 1)
354 3399 488 3456 Christus
507 3407 610 3457 natura
629 3403 725 3458 deus*
762 3404 790 3472 2)
810 3405 877 3458 Ebr.
893 3405 916 3459 1.
954 3405 983 3474 3>
1002 3405 1104 3459 Iohan.
1116 3404 1150 3458 14

216 3469 247 3609 ‘g
264 3474 392 3597 &3311
407 3472 434 3539 5)
455 3471 513 3526 Cur
526 3473 660 3529 Christus
679 3480 795 3530 vocetur
808 3475 909 3532 David.
948 3476 975 3547 6)
995 3476 1084 3530 Mioh.
1102 3476 1151 3531 5³⁴

307 3737 333 3805 'l
351 3739 439 3794 Deest
457 3741 488 3794 iu
506 3742 568 3796 ooll.
587 3743 648 3796 Ien.
687 3742 727 3812 *⁸)
746 3744 782 3797 In
799 3744 862 3798 eoll.
881 3745 955 3800 Ion:
974 3743 1061 3798 auch„
1083 3743 1106 3797 7.
