2575 4225
858 278 1108 340 Hoseae
1153 281 1522 360 prophetae.
2005 284 2129 344 4522*

242 457 421 532 litur,
473 475 592 518 nec
637 454 769 518 ullo
816 455 1010 519 modo
1056 455 1370 519 sustinere
1416 458 1594 521 venti
1638 457 1954 540 impetum
2001 472 2125 540 pot

245 551 367 609 est.
462 544 648 607 Idem
694 544 775 606 de
820 544 1053 607 Israele
1100 565 1358 625 quoque
1406 546 1700 610 futurum
1745 547 1929 612 dicit.
1985 572 2127 612 rum

247 634 623 698 admovebit
668 634 1020 696 exercitum
1059 635 1379 715 Assyrius.

431 722 537 785 Ad
589 724 765 786 hunc
820 722 1090 785 modum
1154 723 1623 788 similitudines
1679 726 1843 788 belle
1913 748 2126 788 [vum-‚h

248 813 478 888 niunt,
534 818 599 875 et
644 812 945 893 graphice
990 813 1271 894 pingunt
1315 813 1835 894 magnitudinem
1881 820 2129 876 cailan-ui·

249 903 425 978 tatis,
477 921 643 982 quae
686 900 990 964 idolatras
1038 921 1420 983 oppressura
1466 904 1568 965 sit.
1685 962 1725 990 0

340 1078 521 1189 Eoo
575 1085 833 1141 autem
878 1078 1248 1142 dominus
1296 1078 1478 1143 deus
1535 1085 1726 1144 tuus
1785 1080 1861 1142 de
1929 1092 2133 1140 torm

453 1169 823 1248 Aegypti,
872 1168 1135 1248 itaque
1182 1167 1418 1231 deum
1463 1176 1774 1250 praeter
1816 1191 1929 1232 mc
1985 1192 2125 1232 susm

343 1276 759 1337 agnosces.
853 1257 1029 1320 Non
1075 1258 1289 1319 enim
1337 1263 1464 1320 est
1509 1259 1861 1322 salvator
1921 1280 2125 1340 pras-

262 1383 267 1388 ·
341 1352 468 1410 ter
528 1366 663 1408 me.
758 1346 917 1426 Ego
976 1346 1311 1425 cognovi
1366 1352 1442 1408 te
1501 1347 1587 1408 in
1631 1347 1989 1412 deserto.
2057 1352 2126 1408 in

339 1441 557 1498 terra
624 1434 867 1498 arida.
974 1434 1124 1497 Sed
1192 1455 1368 1498 cum
1435 1435 1746 1498 abunde
1805 1456 1933 1500 ens·
2009 1460 2127 1516 pn*

342 1543 676 1600 scetem,
771 1530 849 1587 et
924 1525 1257 1587 saturati
1333 1531 1648 1601 essent,
1728 1527 2129 1588 elei-stum

342 1619 470 1676 est
512 1633 639 1676 cor
685 1633 986 1690 eorum,
1035 1620 1114 1676 et
1160 1614 1400 1675 obliti
1445 1621 1637 1677 sunt
1682 1615 1848 1677 mei.

246 1788 389 1900 *Η
404 1795 668 1854 Actenus
714 1790 997 1856 ostendit
1011 1840 1025 1867 ‚
1084 1789 1407 1871 quomodo
1450 1790 1784 1871 paulatim
1838 1791 2126 1852 i[l⁴.‡l[1†1·i.:l

434 1880 830 1942 incrementa
874 1881 1252 1960 sumpserit„
1287 1878 1492 1942 donec
1523 1878 1607 1941 ad
1639 1899 1965 1942 summum
2001 1904 2133 1960 pazr-

248 1969 448 2033 venit.
527 1969 716 2031 Nunc
760 1975 835 2032 ut
876 1969 1224 2050 amplificet
1254 1969 1424 2030 hanc
1453 1969 1680 2050 populi
1708 1968 2129 2049 implemus-²111.

249 2058 438 2122 addit
482 2057 562 2122 de
609 2058 744 2122 suis
788 2057 1035 2121 meritis
1080 2063 1146 2121 et
1205 2057 1534 2121 beneficiis
1550 2107 1564 2135 ,
1625 2057 1803 2138 quod
1861 2080 1925 2121 ss*
1981 2060 2133 2121 hui-e

248 2149 495 2231 populo
552 2148 954 2229 patefecerit,
1009 2146 1344 2209 liberando
1391 2166 1540 2209 eum
1597 2168 1679 2209 ex
1731 2148 1893 2209 dura.
1949 2149 2129 2209 servi*

248 2243 393 2301 tute
450 2238 748 2318 Aegypti,
808 2236 981 2317 quod
1038 2237 1109 2298 in
1161 2236 1304 2316 ipso
1363 2236 1625 2299 deserto*
1672 2237 1844 2300 varie
1917 2261 2133 2297 ruz-*rum

163 2325 166 2328 ’
249 2326 621 2389 necessitati
676 2326 1057 2389 succurrerit
1078 2375 1091 2402 ‚
1157 2326 1443 2406 pluendo
1502 2346 1746 2387 manna
1802 2326 1881 2388 de
1941 2329 2129 2401 melo.

159 2448 168 2452 ·
251 2414 617 2497 aperiendis
662 2416 854 2491 saxis,
904 2421 980 2477 ut
1021 2416 1265 2493 largam
1298 2414 1702 2481 effunderent
1729 2434 1965 2495 aquam
2013 2425 2129 2477 stc.

176 2510 194 2517 '
250 2504 443 2577 Quod
490 2504 755 2566 tandem
797 2505 869 2565 in
912 2504 1237 2566 uberrima
1281 2522 1539 2584 pascua,
1586 2503 1712 2566 hoc
1752 2510 1865 2581 est³
1921 2505 1985 2565 iu
2021 2513 2133 2565 rer*

253 2612 397 2655 ram
444 2592 705 2655 Ganaan
750 2612 857 2655 eos
902 2592 1303 2674 perduxerit,
1353 2591 1469 2655 ubi
1512 2592 1798 2655 munitas
1845 2593 2133 2653 civitates

256 2688 324 2744 et
375 2682 717 2761 magnifice
774 2688 1096 2744 extructas
1154 2680 1372 2758 aedes,
1444 2681 1723 2745 consitos
1785 2702 1997 2762 agros..
2073 2693 2133 2745 et

253 2771 493 2847 vineta,
542 2770 745 2851 pulsis
792 2772 1094 2850 gentibus
1138 2777 1630 2852 occupaverunt.

436 2860 555 2923 Pro
611 2860 716 2922 his
774 2860 973 2923 tantis
1031 2860 1360 2921 beneficiis
1378 2908 1392 2935 ‚
1462 2860 1703 2940 inquit,
1775 2860 1941 2921 hant-,⁴
2009 2861 2133 2921 sel-:2³

255 2948 557 3030 gratiam,
625 2949 798 3028 quod
843 2968 949 3011 me
994 2967 1126 3010 non
1172 2954 1532 3027 agnoscunt
1575 2948 1772 3009 deum
1819 2957 1881 3009 et
1941 2949 2133 3009 salx-a-

254 3044 463 3101 torem
510 3057 664 3114 esse,
715 3038 830 3118 qui
875 3042 1095 3100 tamen
1142 3037 1315 3099 solus
1362 3056 1470 3099 eos
1517 3037 1776 3100 salvavi.
1873 3037 1989 3097 5:214
2037 3038 2133 3097 tsi-

254 3128 471 3190 buunt
514 3128 690 3189 hunc
733 3127 1046 3189 honorem
1099 3125 1292 3189 idolis
1350 3126 1641 3205 gentium
1659 3176 1672 3201 ,
1733 3125 1861 3187 mei
1921 3134 2133 3185 :misr-111

256 3216 350 3279 sic
395 3216 878 3292 obliviscuntur,
929 3235 1003 3277 ac
1049 3216 1105 3277 si
1150 3234 1485 3295 nunquam
1535 3213 1784 3294 aliquid
1828 3217 1917 3277 eis
1953 3217 2133 3273 luz-ns-

256 3305 538 3367 fecerim.
634 3305 974 3367 Elevatum
1019 3304 1195 3366 enim
1242 3310 1340 3366 est
1385 3324 1494 3367 cor
1538 3323 1760 3366 eorum
1820 3304 1889 3365 iu
1953 3305 2137 3381 walaia..

300 3394 553 3455 mnium
596 3412 841 3470 rerum,
903 3393 1026 3456 hoc
1073 3399 1198 3469 est,
1259 3393 1560 3469 verbum,
1621 3392 1794 3473 quod
1838 3413 1953 3473 per
2005 3413 2133 3469 pm-

292 3483 487 3545 ·hetas
534 3481 626 3545 eis
673 3481 850 3559 dedi,
909 3483 1353 3562 neglexerunt,
1405 3488 1469 3544 et
1515 3482 1965 3562 quaesiverunt
2017 3481 2137 3541 sihi

300 3572 414 3635 'ios
462 3572 691 3648 cultus,
742 3592 940 3652 quam
986 3592 1148 3652 quos
1186 3571 1382 3635 verbo
1412 3590 1557 3634 meo
1591 3570 2013 3634 ostenderam.
2065 3593 2133 3629 :ic¹

434 3757 485 3833 ¹⁶)
524 3766 597 3818 In
632 3780 807 3831 marg.
847 3764 971 3820 coll.
1009 3765 1157 3818 Ien.:
1196 3762 1641 3830 Ingratitudinis
1679 3769 1921 3817 accusat.
