2575 4225
417 277 517 341 Oscae
540 279 725 362 prophetae.
978 277 1039 344 107

99 451 155 530 est,
181 452 272 533 quod
295 453 447 518 describit
469 457 689 538 captivitatem
720 457 860 520 filiorum
874 451 973 520 Israel
999 458 1040 520 ab

70 569 77 588 ·
99 541 250 624 Assyriis,
276 548 308 606 et
329 561 509 609 reversuros
531 545 649 608 deinde
672 545 714 608 ad
737 545 909 609 Christum.

383 703 426 766 Et
448 703 588 785 diligunt
609 705 750 772 vinacea

99 806 246 917 Dasnan
283 809 338 873 hic
371 829 430 873 nos
464 811 576 892 lingua
607 811 765 876 Hebraea.
822 813 957 876 Necesse
992 820 1041 877 est

164 920 242 980 ergo
267 899 380 962 alienis
402 899 503 963 oculis
533 919 670 964 cernere.
717 901 802 963 Nam
831 901 916 964 varie
946 903 1039 965 inter-

14 1066 18 1075 Ι
99 995 244 1069 pretatur
257 985 338 1070 [sict]
351 985 413 1050 hoc
424 989 625 1053 vocabulum.
639 990 708 1070 Ego
720 997 829 1054 tamen
841 991 887 1053 sio
897 989 983 1070 lego:
997 992 1039 1054 vi·

99 1097 199 1141 nacea
227 1097 380 1154 uvarum,
407 1083 446 1140 ut
473 1078 516 1141 sit
544 1078 754 1160 proverbialis
782 1078 894 1158 figura.
941 1080 1041 1153 Quasi

98 1166 235 1230 diceret:
266 1167 348 1229 Cum
371 1185 430 1246 ego
453 1166 605 1230 dominus
628 1172 794 1248 tantopere
824 1187 931 1229 amem
953 1168 1040 1230 hunc

99 1257 258 1337 populum
281 1274 420 1337 cumque
442 1257 573 1319 offensis
596 1275 708 1318 eorum
731 1263 799 1318 tam
822 1257 930 1318 crebro
953 1256 1039 1337 igno·

98 1365 196 1422 seam,
221 1344 353 1407 interim
375 1350 562 1408 avertuntur
584 1365 605 1408 a
626 1365 689 1421 me,
713 1345 837 1409 vadunt
868 1350 942 1426 post
964 1344 1040 1408 deos

99 1434 230 1498 alienos.
278 1432 406 1497 Abeant
427 1453 518 1513 erge,
543 1442 575 1497 et
597 1435 755 1497 satientur
777 1433 934 1510 vinaceis,
965 1453 1040 1497 cum

99 1528 246 1586 mustum
269 1523 392 1599 nolunt,
415 1520 450 1584 id
466 1528 515 1585 est
530 1527 668 1586 tractent
681 1523 786 1603 legem
801 1542 908 1584 meam
923 1522 1038 1598 taliter,

98 1616 136 1672 ut
156 1610 341 1692 spirituales
363 1610 524 1674 doctrinas
547 1616 675 1675 vertant
696 1609 731 1673 in
754 1612 905 1687 carnales,
929 1610 1037 1686 idest,

98 1699 262 1764 doctrinas
284 1700 470 1775 hominum,
499 1718 582 1779 quae
604 1719 677 1765 vere
704 1699 854 1763 vinaceae
884 1705 975 1775 sunt,
1005 1699 1040 1762 id

98 1785 156 1865 est,
181 1794 341 1870 apparent
362 1789 442 1869 quid
465 1788 543 1851 boni
566 1810 650 1866 esse,
676 1788 732 1852 sed
762 1808 836 1851 cum
860 1794 1038 1868 gustantur,

99 1877 182 1939 nihil
204 1883 331 1958 praeter
354 1877 514 1958 siliginem
536 1885 570 1942 et
591 1878 716 1941 aridam
739 1895 875 1939 avenam
890 1876 1037 1954 attingis:

97 1967 145 2029 ita
160 1966 321 2028 eiusmodi
336 1966 508 2044 doctrinae,
526 1967 644 2046 quibus
660 1967 708 2028 illi
723 1964 927 2040 incumbunt,
944 1985 1039 2045 appa-

13 2066 16 2138 ζ
99 2061 172 2119 rent
189 2056 295 2119 bonae
311 2060 344 2119 et
357 2054 494 2134 divinae,
511 2056 583 2119 illas
599 2056 847 2137 amplectuntur,
870 2053 948 2133 quia
962 2052 1039 2118 divi·

13 2191 14 2237 ,
99 2165 158 2208 nas
181 2146 402 2225 neglexerunt.
449 2146 574 2208 atnoe
597 2144 745 2209 dicimus:
769 2143 1038 2207 Susamaraoum.

13 2469 19 2669 i

13 2924 22 3092 l

12 3121 15 3157 l

13 3163 18 3220 l

362 2358 365 2363 .
398 2305 441 2367 Et
463 2303 533 2368 fodi
555 2324 627 2367 eam
650 2304 743 2367 mihi.

150 2405 250 2471 orinal
277 2411 402 2488 hordeis
423 2430 592 2474 mensurae
615 2430 717 2491 genus
734 2415 802 2473 erat
816 2410 980 2483 frumenti,
1004 2415 1041 2471 ut

173 2494 263 2583 apud
286 2520 345 2563 nos
368 2507 417 2563 est
439 2499 484 2566 eit
507 2498 619 2583 trictici,
643 2500 747 2563 sicin
762 2498 909 2560 Hebraeo
929 2496 1041 2558 decem

98 2587 238 2666 Homer,
262 2589 297 2651 id
320 2588 436 2655 estete
455 2590 569 2655 mattea
615 2585 897 2663 Quemadmodum
925 2578 1037 2656 καδὸς2

99 2680 169 2744 vini
196 2698 349 2742 mensura
378 2684 442 2755 est,
478 2676 524 2743 eiu
551 2676 629 2757 mei.
675 2677 812 2740 Videtur
845 2681 954 2737 tamen
987 2674 1041 2737 hio

100 2770 261 2850 propheta
283 2766 473 2847 significare,
497 2767 584 2847 quod
606 2767 731 2829 bonum
753 2763 841 2846 quod
860 2764 955 2826 datur
976 2783 1039 2825 me·

100 2858 210 2935 retria,
234 2856 355 2918 habeat
376 2862 478 2919 certos
497 2856 629 2932 limites,
654 2861 687 2919 et
701 2852 931 2935 praescriptam
953 2870 1040 2913 men·

100 2966 221 3009 suram.
267 2946 414 3007 Alterum
437 2945 525 3025 quod
547 2944 590 3007 ad
612 2943 770 3008 Davidem
792 2941 945 3022 pertinet,
975 2959 1041 3001 non

100 3035 200 3099 habet
235 3052 416 3110 numerum,
451 3034 487 3096 id
520 3040 570 3098 est
602 3034 638 3097 in
672 3037 839 3095 aeternum
872 3046 1041 3108 nunquam

100 3124 241 3186 finietur.

362 3345 365 3349 Δ
385 3281 461 3345 Sine
484 3234 602 3362 Ephot,
625 3284 659 3342 et
681 3277 760 3342 sine.

191 3388 263 3470 Ego
278 3408 345 3452 non
360 3387 454 3451 credo
470 3387 662 3469 prophetam
672 3384 764 3465 loqui
774 3382 815 3446 de
826 3384 889 3446 isto
901 3374 1038 3462 Ephot,⁸

156 3478 191 3558 id
213 3499 234 3541 a
255 3477 317 3541 deo
334 3476 526 3540 institutum
547 3481 617 3539 erat
643 3472 679 3537 in
701 3472 914 3537 Hierusalem.
960 3469 1044 3531 Nam

156 3573 290 3650 erprete'
310 3566 525 3647 Hieronymo,
561 3564 722 3645 significat
754 3561 925 3642 imagines,
961 3576 1043 3638 quae

194 3760 222 3828 1)
240 3760 358 3814 Homer.
395 3757 424 3825 2)
446 3755 550 3812 cadus.
586 3755 615 3823 3)
634 3754 740 3825 Ephot.
764 3792 766 3799 ν
