2575 4225
1282 140 1287 185 ⁴

437 269 562 333 floreae
584 270 769 352 prophetae.
1010 270 1076 333 223
1276 228 1287 383 r}

129 448 227 524 viam,
253 446 338 511 sicut
359 447 477 511 Paulus
500 468 629 529 quoque
647 446 821 511 Corinthiis
844 442 1075 513 counovaturz¹

130 536 212 599 (lum
228 536 423 613 iudicamur,
446 556 467 599 a
488 536 621 600 domino
639 536 840 619 corripimur,
864 556 906 601 ne
921 556 997 599 oum
1019 538 1082 601 hoc

129 625 255 687 mundo
285 625 486 688 damnemur.
532 625 623 689 Haec
651 626 811 689 sententia
841 630 931 689 tanto
958 631 1007 690 est
1034 626 1080 689 in-

130 713 288 777 culcanda
307 714 403 777 nobis
418 713 613 794 diligentius,
637 719 760 794 quanto
775 714 908 779 rationis
922 712 1081 777 iudicium

128 802 258 883 longius
288 802 330 863 ab
360 822 399 865 ea
428 803 586 867 dissentit.
632 803 717 865 Nam
750 809 925 885 postquam
954 806 1082 867 constat

128 893 246 972 punire
276 890 375 954 deum
404 898 551 972 peccata,
586 892 668 955 ratio
697 911 769 954 eam
792 911 930 973 poenam
958 892 1082 955 iudicat

130 980 200 1045 sinc
223 980 315 1043 omni
336 979 556 1044 misericordia
571 1001 649 1057 esse,
673 980 784 1061 itaquo
807 980 918 1044 abiicit
933 981 1080 1043 animum

129 1075 162 1131 et
183 1069 343 1149 desperat.

219 1157 284 1221 Sed
305 1159 497 1240 prophetam
517 1158 572 1223 hic
587 1156 674 1221 audi.
705 1158 878 1221 Peccatum
898 1176 1080 1237 synagogae

128 1247 273 1326 profecto
303 1266 398 1327 grava
421 1253 454 1310 et
481 1246 633 1310 horribile
656 1253 721 1323 est,
752 1267 858 1329 poena
880 1266 1008 1327 quoque
1032 1251 1082 1310 est

128 1334 302 1398 horribilis.
337 1335 411 1399 'Sed
434 1356 491 1399 cur
513 1355 584 1398 eam
608 1336 728 1415 infligit
756 1336 861 1399 deus?
905 1335 1078 1412 Nimirum,

128 1429 166 1486 ut
187 1424 354 1487 admonita
379 1425 631 1501 calamitatibus,
656 1425 765 1489 redeat
787 1426 829 1487 ad
851 1426 950 1489 deum
972 1445 1079 1502 suum,

128 1514 302 1579 etiterum
325 1532 358 1576 se
380 1532 456 1577 curn
479 1534 517 1577 cc
541 1506 744 1594 coniungat.¹
782 1515 879 1579 Recte
901 1514 1000 1595 igitur
1018 1516 1079 1576 Da·

126 1602 184 1665 vid
206 1603 339 1666 calicem
362 1602 486 1665 domini
516 1603 659 1684 appellat
681 1604 816 1667 calicem
845 1604 966 1667 salutis.
1012 1604 1080 1667 Nec

127 1692 233 1755 solum
249 1692 368 1754 sanctis
384 1692 497 1755 salutis
520 1692 604 1755 calix
618 1696 676 1767 est,
701 1692 758 1772 qui
777 1712 874 1774 saepa
889 1693 1079 1772 affliguntur

126 1786 254 1862 praeter
276 1781 442 1856 meritum,
468 1781 525 1844 sed
547 1780 588 1843 iis
612 1800 750 1860 quoque,
774 1782 832 1860 qui
855 1787 985 1861 propter
1007 1800 1078 1861 pec-

126 1873 200 1934 cata
231 1862 456 1949 castigantiu.⁸
513 1870 600 1932 Deus
629 1870 718 1931 enim
748 1889 815 1931 non
844 1869 914 1933 vult
939 1874 1078 1931 mortem

124 1959 318 2040 peccatoris,
354 1958 410 2020 sed
439 1964 477 2022 ut
506 1963 710 2021 convertatur
737 1963 770 2020 et
798 1956 898 2034 vivat,
927 1964 966 2021 ut
994 1958 1080 2020 sicut

125 2068 146 2115 a
169 2045 232 2111 deo
254 2046 475 2124 discessimus,
507 2048 554 2111 ita
575 2066 685 2109 rursus
709 2066 784 2111 cum
806 2045 867 2108 deo
889 2066 946 2129 per
968 2064 1077 2112 veram

124 2137 361 2219 poenitentiam
383 2143 416 2200 et
438 2136 536 2199 fidem
559 2137 801 2217 coniungamur.

124 2275 248 2389 Hunc
272 2280 466 2342 sententiam
496 2278 626 2341 afflictis
653 2277 813 2341 inculcare
839 2277 917 2340 utile
944 2281 1007 2354 est,
1039 2281 1079 2340 ut

199 2375 373 2450 postquam
395 2373 563 2448 peccatum
587 2387 702 2446 negare
725 2388 792 2431 non
814 2371 959 2449 possunt,
984 2365 1076 2428 cuius

124 2479 180 2522 eos
202 2477 309 2540 poena
332 2456 493 2532 admonet,
516 2456 602 2518 hanc
624 2462 734 2519 tamen
757 2454 1008 2519 consolationem
1030 2473 1076 2515 re-

123 2548 260 2623 tineant,
285 2546 384 2608 deum
398 2545 522 2627 punire,
547 2565 614 2607 non
628 2551 667 2608 ut
682 2544 820 2622 abiiciat,
846 2542 902 2606 sed
924 2550 962 2606 ut
984 2541 1076 2605 adse

123 2642 260 2714 revocet,
285 2641 318 2698 et
339 2640 496 2714 tanquam
519 2633 680 2713 benignus
701 2639 794 2716 pater
816 2629 959 2695 remedia
981 2650 1074 2713 quae-

122 2733 183 2802 rat,
208 2743 251 2787 ne
274 2724 310 2785 in
325 2723 529 2786 obedientem
547 2722 652 2785 filium
674 2723 715 2786 ab
730 2721 928 2786 haereditate
944 2727 1076 2802 cogatur
1104 2769 1108 2776 ,

123 2814 305 2878 excludere.

13 2975 16 2983 Ι
217 2897 410 2966 4Horribilis
425 2899 523 2964 hodie
545 2901 681 2964 miserae
695 2901 882 2980 Hungariao
900 2899 998 2961 iacies
1014 2903 1072 2974 est,

123 2993 182 3057 sed
204 2993 333 3056 utinam
356 2990 545 3072 contingant
566 2989 731 3069 Hungeris
761 2989 809 3070 pii
832 2987 985 3062 doctores,
1016 2985 1073 3065 qui

122 3101 179 3146 eos
207 3081 405 3144 admoueant
434 3079 532 3143 deum
561 3079 624 3142 hoc
647 3097 755 3157 agere,
791 3097 859 3139 non
884 3081 922 3138 ut
944 3073 1077 3144 obiiciat

121 3190 188 3246 eos,
207 3170 265 3232 sed
280 3175 319 3232 ut
333 3169 505 3232 admoneat
518 3167 634 3233 veteris
649 3165 825 3241 idolatriae,
843 3170 875 3228 et
889 3163 950 3226 hoc
965 3162 1074 3240 modc,

122 3259 165 3322 ab
194 3257 344 3321 idolatria
372 3277 493 3319 cessare
523 3257 636 3333 iaciat,
672 3259 842 3336 precentur
869 3258 1074 3336 peccatorum

9 3370 10 3407 t
121 3347 263 3432 “⁴riam,
288 3350 321 3408 et
343 3350 472 3425 sperent
494 3345 630 3408 salutem
653 3363 710 3426 per
733 3343 908 3406 Christum.

183 3469 350 3479 -ι--ιι-

214 3521 242 3590 1)
269 3521 294 3578 1.
314 3518 443 3574 Corinth.
463 3517 522 3573 112
566 3517 594 3587 2)
616 3519 691 3573 Psal.
711 3517 804 3572 116,η
848 3515 877 3583 3)
896 3514 1001 3571 Ezech.
1028 3513 1071 3568 18.

170 3593 330 3660 Hungaria.

215 3751 241 3819 .)
259 3735 347 3806 Deest
358 3751 391 3804 in
403 3751 537 3805 00u1en.
566 3749 607 3818 *·)
626 3750 663 3802 In
679 3749 741 3804 0011.
754 3749 814 3802 ren.
828 3749 887 3816 reg:
907 3747 1009 3802 Psalm
1020 3744 1066 3799 31.
