2575 4225
422 273 565 337 Hoseam
587 274 790 355 prophetam.
1016 272 1076 336 171
1165 308 1168 315 ·

8 528 9 531 Ἴ
136 450 293 531 Naphtali
304 450 476 515 abducitur
487 450 623 533 captiva,
641 451 804 531 reliquum
819 455 928 513 autem
943 469 1079 530 regnum

139 541 278 620 graviter
301 539 466 619 affligitur,
491 546 524 603 et
546 546 709 621 postremo
726 561 745 601 a
760 540 978 602 Salmanasser
993 540 1078 621 peni·

137 634 191 691 tus
220 633 396 709 occupatur
425 633 458 691 et
485 635 637 692 vastatur.
697 630 761 693 Hic
794 628 960 691 idolatriae
994 628 1078 704 finis,

8 731 9 736 ’
137 717 219 780 haec
241 718 368 798 premia
389 716 566 798 impiomm
587 718 751 794 cultuum,
783 738 954 799 oppressae
983 737 1079 779 sanae

8 875 9 880 .
138 806 305 869 doctrinae
339 813 372 869 et
399 805 606 886 indignarum
638 807 789 870 caedium
818 826 855 870 ac
884 806 1080 871 crudelitatis

8 931 9 990 ,
138 896 175 957 in
198 896 373 977 prophetas
396 896 513 960 extit't.

165 1073 250 1136 citur
276 1072 401 1135 Hoseas
435 1074 497 1135 hoc
530 1093 607 1154 prae
636 1073 769 1153 reliquis
798 1072 955 1134 eximium
982 1073 1082 1135 habet

181 1161 271 1242 quod
300 1161 458 1243 plurimus
488 1167 537 1224 est
566 1162 601 1224 in
631 1160 896 1243 reprehendenda
922 1160 1080 1236 idolatria,

8 1277 9 1312 i
138 1270 241 1330 quam
271 1250 367 1313 foedo
396 1251 528 1313 nomine
557 1250 753 1313 adulterium
782 1256 814 1313 et
836 1250 1082 1312 fornicationem

139 1340 292 1420 appellat,
316 1345 354 1401 ut
368 1341 441 1420 pios
456 1359 476 1400 a
490 1341 574 1403 tanti
588 1339 713 1421 peccati
729 1337 882 1401 foeditate
898 1339 1080 1402 absterreat.

139 1430 247 1508 Atque
290 1429 353 1491 hoo
405 1430 537 1491 nomine
582 1429 681 1492 etiam
726 1428 843 1491 nostris
883 1428 1082 1509 temporibus

141 1518 247 1598 aptior
270 1518 350 1580 haec
372 1518 467 1580 lectio
490 1524 554 1594 est,
579 1523 617 1581 ut
639 1516 798 1581 admoniti
820 1517 957 1599 impiam
979 1536 1082 1598 papae

144 1601 331 1668 ¹ecclesiam
359 1607 490 1688 plenam
519 1605 696 1670 idolatriois
734 1606 875 1669 cultibus
909 1606 1081 1687 fugiamus.

139 1694 214 1757 Non
236 1694 325 1757 enim
348 1715 402 1759 eos
424 1696 534 1776 probo,
559 1697 617 1776 qni
639 1696 784 1777 papistas
807 1714 865 1757 suo
887 1697 973 1759 malo
989 1695 1083 1776 genio

140 1783 370 1863 relinquendos
409 1789 554 1861 censent,
594 1789 627 1846 et
665 1783 921 1847 moderationem
958 1790 1081 1861 vocant,

140 1872 244 1953 siquis
267 1893 326 1953 pro
350 1872 503 1936 concione
526 1894 593 1936 non
616 1872 745 1955 saepius
768 1872 804 1934 in
826 1892 880 1935 eos
902 1873 1082 1936 invehatur.

140 1960 175 2023 Si
196 1962 287 2023 enim
309 1962 432 2043 puritas
448 1962 611 2025 doctrinae
634 1962 765 2025 retineri
788 1960 893 2038 debet,
918 1967 950 2023 et
965 1961 1099 2043 populo,

140 2050 208 2114 veri
231 2050 337 2115 cultus
360 2051 588 2127 commendari,
613 2050 756 2132 profecto
779 2068 898 2130 magna
913 2050 1084 2114 necessitas

141 2140 295 2203 omnibus
318 2140 382 2221 piis
405 2141 589 2204 doctoribus
611 2139 782 2215 incumbit,
807 2144 845 2201 ut
867 2159 962 2221 saepe
985 2159 1083 2222 popu·

139 2229 210 2291 lum
234 2228 386 2292 devitiis
408 2230 529 2311 impiae
552 2230 716 2292 doctrinae
750 2229 786 2290 in
816 2235 939 2310 papatu
969 2235 1001 2292 et
1029 2229 1084 2290 fal·

141 2338 253 2381 sorum
288 2318 434 2381 cultuum
467 2320 582 2399 poenis
616 2319 761 2382 doceant.
828 2318 964 2398 Reliqua
997 2317 1085 2380 enim

140 2413 276 2488 peccata
297 2407 396 2469 etiam
417 2407 561 2489 imperiti
583 2407 726 2470 iudicare
748 2412 893 2488 possunt.
941 2405 1003 2469 Sed
1025 2407 1085 2468 has

138 2516 234 2560 veras
257 2496 407 2559 ecclesiae
434 2503 541 2577 pestes
571 2516 637 2558 non
666 2497 773 2559 solum
801 2496 916 2574 vulgus
944 2515 1010 2556 non
1038 2494 1084 2556 in-

140 2585 273 2665 telligit,
314 2585 371 2648 sed
410 2586 508 2648 etiam
543 2585 664 2649 fucosis
698 2583 1032 2648 commendationibus
1066 2603 1086 2644 a

140 2673 434 2756 pseudoprophetis
457 2675 550 2738 audit
572 2673 689 2738 ornari.
735 2674 838 2754 Igitur
853 2673 925 2754 pios
941 2672 1085 2735 doctores

11 2763 14 2779 '
141 2763 270 2826 Hoseae
294 2765 479 2845 exemplum
501 2764 593 2826 decet
615 2762 750 2840 imitari,
775 2767 813 2824 ut
834 2782 952 2842 magno
975 2761 1085 2824 animo
1175 2803 1179 2810 -

11 2858 12 2869 ¹
141 2852 382 2932 reprehendant
404 2853 508 2915 cultus
530 2852 728 2927 idolatricos,
758 2857 791 2914 et
819 2850 860 2912 ad
889 2870 1003 2912 sanam
1032 2850 1084 2912 do

143 2940 283 3002 ctrinam
305 2940 466 3004 auditores
495 2941 643 3004 invitent.
689 2941 774 3002 Nam
807 2941 869 3002 hoc
897 2943 1084 3018 argumento

143 3028 210 3090 fere
234 3029 404 3092 conciones
427 3049 501 3091 suas
522 3029 648 3092 Hoseas
670 3028 821 3090 instituit.

234 3117 283 3178 Ne
307 3121 416 3179 autern
437 3117 494 3198 pii,
519 3117 577 3198 qui
600 3137 706 3197 genua
730 3135 789 3178 sua
802 3115 881 3177 Baal
903 3114 1084 3177 nonflexe-

143 3209 228 3280 rant,
252 3225 382 3286 prorsus
405 3206 474 3268 sine
497 3205 589 3269 omni
611 3205 827 3268 consolatione
850 3204 885 3265 in
908 3203 1006 3266 tantis
1029 3222 1085 3283 pu-

20 3312 25 3329 ·
144 3293 239 3356 blicis
252 3293 403 3374 periculis
415 3300 535 3371 essent,
550 3295 691 3375 aspergit
702 3314 769 3358 non
781 3293 880 3356 semel
897 3290 1084 3354 iucundissi-

167 3401 217 3445 1as
237 3382 330 3462 regni
344 3383 464 3446 Christi
477 3383 718 3464 descriptiones.
757 3382 859 3446 Addit
874 3399 1002 3460 quoque
1017 3399 1085 3460 pro·

167 3471 274 3534 hetias
281 3471 321 3534 de
328 3471 514 3552 Synagogae
521 3472 624 3549 ruina,
634 3471 839 3554 pertinaciter
846 3467 1014 3532 retinentis
1021 3468 1085 3531 Mo·

168 3561 249 3623 sicas
264 3561 470 3637 ceremonias,
488 3567 520 3624 et
535 3561 691 3641 evangelii
707 3559 888 3623 doctrinam
903 3551 1085 3622 reiicientis.

237 3753 264 3822 1)
282 3754 378 3821 Papae
395 3753 516 3808 ecclesia
533 3751 779 3822 reprehendenda.
