2575 4225
449 278 575 341 Hoseae
598 280 782 361 prophetae.
1023 275 1088 342 225

141 455 236 519 latris
269 454 397 519 Iudaeis
420 455 636 533 frumentum,
665 463 812 520 mustum
834 462 867 519 et
900 454 1022 534 oleum,
1052 476 1089 521 ac

145 544 379 625 multiplicasse
405 544 452 607 cis
482 564 597 609 aurum
615 539 661 613 'et
683 552 870 624 argentum,
902 544 959 609 sed
990 546 1089 611 etiam

144 654 222 696 cum
245 632 342 714 punit
362 633 518 713 ingratos,
547 653 654 715 poena
676 654 714 697 eo
737 634 870 697 consilio
892 634 1088 713 immittitur,

144 728 184 785 ut
222 721 352 785 discant
379 740 550 802 agnoscere
578 723 691 801 deum,
732 729 765 786 et
794 728 1021 809 convertantur
1048 722 1089 788 ad

143 812 256 873 deum.
304 808 393 873 Sicut
421 816 530 874 autem
551 830 625 875 caro
648 831 743 874 casea
764 818 829 888 est,
861 818 895 877 et
920 812 1090 877 consilium

10 945 13 955 .
143 900 201 962 dei
223 898 391 981 punientis
409 919 476 962 non
497 899 595 976 videt,
618 900 666 964 ita
680 900 780 964 etiam
802 921 868 963 non
891 900 1092 967 animadver.

145 990 189 1051 tit
209 1008 251 1051 ex
275 1007 339 1068 quo
362 988 452 1051 fonte
473 993 601 1051 tantum
622 989 853 1052 beneficiorum
874 988 997 1052 flumen
1018 1012 1089 1073 pro·

144 1081 271 1139 manat.
330 1076 470 1158 Accepta
499 1076 588 1139 enim
617 1077 681 1139 fert
714 1076 825 1140 omnia
857 1074 1024 1143 idolatriae
1059 1082 1092 1141 et

147 1166 259 1241 idolis,
288 1165 465 1245 inquibus
488 1164 641 1229 ornandis
664 1170 695 1228 el
726 1164 868 1229 colendis
891 1172 1003 1248 postea
1024 1188 1091 1231 non

146 1255 255 1317 solum
278 1252 439 1330 studiosa,
468 1254 648 1318 sedetiam
674 1252 848 1317 immodice
870 1254 1005 1337 prodiga
1032 1262 1090 1333 est,

146 1343 234 1406 sicut
256 1342 356 1405 etiam
377 1343 578 1424 papistarnm
600 1341 788 1426 exemplum
809 1342 960 1408 ostendit.

148 1518 336 1629 Postrema
357 1518 515 1601 particula
537 1520 618 1583 mire
640 1521 747 1584 brevis
770 1529 820 1585 est
849 1523 927 1599 ,Asu
949 1523 982 1585 la
1003 1522 1090 1586 Baal‘

210 1609 358 1671 iecerunt
372 1607 414 1670 ad
428 1609 480 1672 vel
501 1629 559 1690 pro
574 1608 661 1672 Baal.
709 1609 772 1672 Sed
792 1630 858 1673 non
880 1610 1018 1673 dubium
1033 1618 1091 1689 est,

148 1699 233 1779 quin
256 1698 415 1779 propheta
435 1697 498 1761 hoc
519 1697 597 1761 velit
618 1697 733 1775 dicere,
758 1695 848 1779 quod
868 1695 1023 1793 idolatrae
1041 1701 1092 1763 Iu·

147 1788 225 1849 daei
252 1806 331 1848 auro
359 1791 393 1847 et
414 1791 546 1866 argento
574 1787 668 1849 abusi
696 1786 762 1850 sint
789 1785 830 1849 ad
859 1787 982 1851 cultum
1004 1788 1091 1865 Baal,

148 1874 316 1956 siquidem
337 1874 602 1939 existimaverunt
626 1876 708 1938 haec
730 1876 836 1939 cultus
858 1876 1003 1957 ipsorum
1025 1896 1092 1961 prs·

149 1985 219 2027 mro
242 1984 321 2027 esse.
410 1996 414 2001 -
714 2026 716 2031 .

246 2048 327 2116 ¹Sed
357 2051 411 2116 hie
437 2052 581 2116 nascitur
603 2051 763 2132 quaestio:
799 2052 961 2116 Historiae
991 2059 1092 2118 osten·

152 2144 236 2206 dunt
264 2143 387 2205 cultum
409 2143 487 2204 Baal
512 2148 657 2223 tempore
685 2140 832 2205 iudicum
860 2141 920 2206 snb
944 2141 1094 2207 Gedeone

151 2231 311 2314 coepisse,
342 2237 375 2294 et
403 2231 463 2293 sub
486 2231 572 2294 Iosia
598 2230 741 2294 desiisse.
789 2230 823 2293 Si
850 2231 949 2311 igitur
970 2231 1032 2296 hoc
1059 2232 1096 2296 in
1163 2265 1167 2279 ι

149 2323 222 2384 loco
246 2319 404 2401 propheta
426 2319 492 2398 agit
518 2319 559 2381 de
582 2319 750 2401 synagoga
780 2341 838 2402 per
860 2320 1022 2384 Romanos
1045 2342 1095 2384 va·

150 2409 285 2485 alauda,
323 2408 486 2488 quomodo
519 2408 624 2470 cultus
647 2407 725 2471 Beal
757 2409 907 2471 meminit
928 2409 996 2470 iam
1018 2408 1097 2473 olim

152 2499 286 2580 penitus
315 2497 459 2559 sublati?
509 2496 747 2578 Respondetur:
791 2497 928 2559 Nomine
957 2495 1035 2559 Baal
1061 2495 1097 2560 in

150 2606 270 2668 genere
305 2605 436 2649 omnem
466 2584 651 2648 idolatriam
687 2585 875 2666 significari,
912 2606 979 2649 non
1009 2585 1098 2648 enim

153 2675 350 2739 vocabulum
371 2674 450 2736 Baal
477 2679 606 2737 tantum
633 2673 805 2737 dominum
827 2673 1003 2755 signifieat,
1041 2671 1098 2738 sed

154 2765 223 2827 fere
254 2763 410 2845 accipitur
440 2783 498 2844 pro
531 2763 696 2840 adamato,
734 2763 817 2827 sicut
850 2764 885 2825 in
915 2764 1098 2844 germanico

155 2873 311 2917 vocamus
334 2850 379 2931 eia
401 2849 528 2927 lintea!
546 2871 623 2914 cum
646 2852 866 2931 significamus
890 2853 1100 2917 inhonestum

152 2961 312 3004 amorem.
344 2941 508 3003 Usitatum
529 2945 639 3002 autem
661 2940 738 3003 huic
754 2940 928 3022 prophetae
952 2946 1009 3016 est,
1032 2940 1098 3003 ido·

153 3030 287 3094 latriam
322 3047 505 3110 comparare
525 3045 610 3091 ‘eum
643 3028 848 3092 scortatione*
864 3033 896 3090 et
932 3027 1097 3092 adulterio

101 3149 108 3158 ·
152 3121 224 3182 Nec
251 3119 363 3199 inepta
393 3119 491 3180 ctiam
512 3118 575 3180 hoc
596 3117 667 3179 loco
696 3117 867 3178 sententia
881 3121 944 3192 est,
976 3117 1101 3180 faciunt

153 3208 238 3270 Baal
261 3227 303 3268 ex
326 3226 403 3268 auro
425 3212 458 3269 et
479 3212 620 3286 argento,
644 3211 771 3268 utnon
789 3205 949 3284 intelligas
972 3210 1102 3268 tantum

153 3302 289 3360 ornatas
313 3299 434 3358 statuas
456 3296 534 3357 Baal
565 3315 642 3356 auro
666 3299 698 3356 et
721 3299 869 3373 argento,
901 3292 957 3356 sed
980 3293 1100 3374 simpli·

165 3385 241 3448 riter
269 3383 387 3446 abusos
408 3383 545 3446 Iudaeos
571 3383 688 3464 opibus
712 3383 753 3444 ad
783 3381 967 3446 idolatriam
989 3401 1101 3444 ornan·

169 3473 246 3535 lam.
294 3471 347 3534 Sic
372 3471 458 3533 infra
491 3472 590 3534 dicet:
625 3472 780 3533 Auferam
807 3471 941 3534 nomina
967 3470 1101 3548 Baalim,

161 3583 222 3625 noc
252 3566 319 3637 est,
348 3579 416 3623 non
445 3561 528 3623 colet
553 3559 653 3636 idola,
684 3559 741 3623 sed
764 3559 863 3623 dicet:
909 3559 1022 3623 Merite
1045 3559 1103 3638 mi,

254 3753 282 3821 1)
300 3750 380 3805 Baal.

202 3849 292 3891 Lutheri
306 3860 356 3900 opp.
370 3853 455 3899 exesor.
483 3850 533 3891 Vol.
545 3849 621 3890 mv.
911 3839 945 3893 15
