<?xml version="1.0" encoding="UTF-8"?>
<!DOCTYPE html PUBLIC "-//W3C//DTD XHTML 1.0 Transitional//EN"
    "http://www.w3.org/TR/xhtml1/DTD/xhtml1-transitional.dtd">
<html xmlns="http://www.w3.org/1999/xhtml" xml:lang="en" lang="en">
 <head>
  <title>
</title>
<meta http-equiv="Content-Type" content="text/html;charset=utf-8" />
  <meta name='ocr-system' content='tesseract 3.04.00' />
  <meta name='ocr-capabilities' content='ocr_page ocr_carea ocr_par ocr_line ocrx_word'/>
</head>
<body>
  <div class='ocr_page' id='page_1' title='image "./exegeticaoperal13luthgoog_0338.png"; bbox 0 0 2575 4225; ppageno 0'>
   <div class='ocr_carea' id='block_1_1' title="bbox 447 244 1083 326">
    <p class='ocr_par' dir='ltr' id='par_1_1' title="bbox 447 244 1083 326">
     <span class='ocr_line' id='line_1_1' title="bbox 447 244 1083 326; baseline 0.005 -20"><span class='ocrx_word' id='word_1_1' title='bbox 447 244 574 307; x_wconf 87' lang='lat' dir='ltr'>Hoseao</span> <span class='ocrx_word' id='word_1_2' title='bbox 595 245 781 326; x_wconf 89' lang='lat' dir='ltr'>prophetae.</span> <span class='ocrx_word' id='word_1_3' title='bbox 1019 244 1083 309; x_wconf 81' lang='lat'>327</span> 
     </span>
    </p>
   </div>
   <div class='ocr_carea' id='block_1_2' title="bbox 17 415 1088 947">
    <p class='ocr_par' dir='ltr' id='par_1_2' title="bbox 17 415 1088 947">
     <span class='ocr_line' id='line_1_2' title="bbox 17 415 1084 504; baseline 0.005 -23"><span class='ocrx_word' id='word_1_4' title='bbox 17 415 18 429; x_wconf 57' lang='lat'>¹</span> <span class='ocrx_word' id='word_1_5' title='bbox 141 418 322 483; x_wconf 84' lang='lat' dir='ltr'>similitudo</span> <span class='ocrx_word' id='word_1_6' title='bbox 345 425 402 483; x_wconf 90' lang='lat' dir='ltr'>est.</span> <span class='ocrx_word' id='word_1_7' title='bbox 448 421 519 483; x_wconf 91' lang='lat' dir='ltr'>Hos</span> <span class='ocrx_word' id='word_1_8' title='bbox 534 420 622 483; x_wconf 91' lang='lat' dir='ltr'>enim</span> <span class='ocrx_word' id='word_1_9' title='bbox 644 427 799 504; x_wconf 86' lang='lat' dir='ltr'>perpetua</span> <span class='ocrx_word' id='word_1_10' title='bbox 821 418 991 504; x_wconf 76' lang='lat' dir='ltr'>parentum</span> <span class='ocrx_word' id='word_1_11' title='bbox 1013 443 1084 487; x_wconf 86' lang='lat' dir='ltr'>con·</span> 
     </span>
     <span class='ocr_line' id='line_1_3' title="bbox 143 508 1083 591; baseline 0.004 -20"><span class='ocrx_word' id='word_1_12' title='bbox 143 508 284 572; x_wconf 90' lang='lat' dir='ltr'>suetudo</span> <span class='ocrx_word' id='word_1_13' title='bbox 303 509 350 571; x_wconf 90' lang='lat' dir='ltr'>ita</span> <span class='ocrx_word' id='word_1_14' title='bbox 372 509 490 573; x_wconf 87' lang='lat' dir='ltr'>retinet</span> <span class='ocrx_word' id='word_1_15' title='bbox 511 510 546 572; x_wconf 91' lang='lat' dir='ltr'>in</span> <span class='ocrx_word' id='word_1_16' title='bbox 569 510 686 587; x_wconf 89' lang='lat' dir='ltr'>officio,</span> <span class='ocrx_word' id='word_1_17' title='bbox 719 518 756 575; x_wconf 93' lang='lat' dir='ltr'>ut</span> <span class='ocrx_word' id='word_1_18' title='bbox 776 512 874 575; x_wconf 90' lang='lat' dir='ltr'>etiam</span> <span class='ocrx_word' id='word_1_19' title='bbox 898 517 971 591; x_wconf 88' lang='lat' dir='ltr'>post</span> <span class='ocrx_word' id='word_1_20' title='bbox 999 532 1083 575; x_wconf 90' lang='lat' dir='ltr'>acoe-</span> 
     </span>
     <span class='ocr_line' id='line_1_4' title="bbox 138 598 1084 679; baseline 0.005 -21"><span class='ocrx_word' id='word_1_21' title='bbox 138 603 216 678; x_wconf 85' lang='lat' dir='ltr'>ptas</span> <span class='ocrx_word' id='word_1_22' title='bbox 243 598 354 678; x_wconf 82' lang='lat' dir='ltr'>plagas</span> <span class='ocrx_word' id='word_1_23' title='bbox 377 604 526 679; x_wconf 88' lang='lat' dir='ltr'>parentes</span> <span class='ocrx_word' id='word_1_24' title='bbox 549 619 657 661; x_wconf 89' lang='lat' dir='ltr'>amare</span> <span class='ocrx_word' id='word_1_25' title='bbox 679 620 746 666; x_wconf 90' lang='lat' dir='ltr'>non</span> <span class='ocrx_word' id='word_1_26' title='bbox 768 600 942 677; x_wconf 75' lang='lat' dir='ltr'>desistant,</span> <span class='ocrx_word' id='word_1_27' title='bbox 970 600 1026 663; x_wconf 89' lang='lat' dir='ltr'>sed</span> <span class='ocrx_word' id='word_1_28' title='bbox 1050 620 1084 665; x_wconf 87' lang='lat' dir='ltr'>se</span> 
     </span>
     <span class='ocr_line' id='line_1_5' title="bbox 142 686 1083 768; baseline 0.004 -21"><span class='ocrx_word' id='word_1_29' title='bbox 142 705 217 748; x_wconf 91' lang='lat' dir='ltr'>cum</span> <span class='ocrx_word' id='word_1_30' title='bbox 240 686 287 748; x_wconf 87' lang='lat' dir='ltr'>eis</span> <span class='ocrx_word' id='word_1_31' title='bbox 302 687 503 766; x_wconf 84' lang='lat' dir='ltr'>coniungunt</span> <span class='ocrx_word' id='word_1_32' title='bbox 525 707 563 749; x_wconf 89' lang='lat' dir='ltr'>ac</span> <span class='ocrx_word' id='word_1_33' title='bbox 578 694 709 768; x_wconf 89' lang='lat' dir='ltr'>sperant</span> <span class='ocrx_word' id='word_1_34' title='bbox 731 689 772 752; x_wconf 92' lang='lat' dir='ltr'>ab</span> <span class='ocrx_word' id='word_1_35' title='bbox 788 690 834 751; x_wconf 89' lang='lat' dir='ltr'>eis</span> <span class='ocrx_word' id='word_1_36' title='bbox 849 690 968 753; x_wconf 88' lang='lat' dir='ltr'>usitata</span> <span class='ocrx_word' id='word_1_37' title='bbox 990 690 1083 751; x_wconf 89' lang='lat' dir='ltr'>bene·</span> 
     </span>
     <span class='ocr_line' id='line_1_6' title="bbox 142 774 1088 841; baseline 0.006 -6"><span class='ocrx_word' id='word_1_38' title='bbox 142 774 224 837; x_wconf 88' lang='lat' dir='ltr'>ficia.</span> <span class='ocrx_word' id='word_1_39' title='bbox 272 774 411 839; x_wconf 83' lang='lat' dir='ltr'>Causam</span> <span class='ocrx_word' id='word_1_40' title='bbox 429 782 540 838; x_wconf 87' lang='lat' dir='ltr'>autem</span> <span class='ocrx_word' id='word_1_41' title='bbox 557 777 655 841; x_wconf 90' lang='lat' dir='ltr'>huius</span> <span class='ocrx_word' id='word_1_42' title='bbox 678 778 811 841; x_wconf 85' lang='lat' dir='ltr'>affectus</span> <span class='ocrx_word' id='word_1_43' title='bbox 834 778 869 839; x_wconf 90' lang='lat' dir='ltr'>in</span> <span class='ocrx_word' id='word_1_44' title='bbox 890 778 999 841; x_wconf 88' lang='lat' dir='ltr'>liberis</span> <span class='ocrx_word' id='word_1_45' title='bbox 1022 798 1088 841; x_wconf 52' lang='lat' dir='ltr'>cer*</span> 
     </span>
     <span class='ocr_line' id='line_1_7' title="bbox 143 862 1083 947; baseline 0.006 -22"><span class='ocrx_word' id='word_1_46' title='bbox 143 862 252 925; x_wconf 85' lang='lat' dir='ltr'>nimus</span> <span class='ocrx_word' id='word_1_47' title='bbox 275 883 361 941; x_wconf 89' lang='lat' dir='ltr'>esse,</span> <span class='ocrx_word' id='word_1_48' title='bbox 392 884 459 927; x_wconf 88' lang='lat' dir='ltr'>non</span> <span class='ocrx_word' id='word_1_49' title='bbox 485 870 554 927; x_wconf 91' lang='lat' dir='ltr'>tam</span> <span class='ocrx_word' id='word_1_50' title='bbox 577 871 740 943; x_wconf 90' lang='lat' dir='ltr'>naturam,</span> <span class='ocrx_word' id='word_1_51' title='bbox 756 886 864 947; x_wconf 29' lang='lat' dir='ltr'>*quam</span> <span class='ocrx_word' id='word_1_52' title='bbox 893 868 991 947; x_wconf 85' lang='lat' dir='ltr'>longa</span> <span class='ocrx_word' id='word_1_53' title='bbox 1013 888 1083 931; x_wconf 90' lang='lat' dir='ltr'>oon-</span> 
     </span>
    </p>
   </div>
   <div class='ocr_carea' id='block_1_3' title="bbox 142 951 805 1034">
    <p class='ocr_par' dir='ltr' id='par_1_3' title="bbox 17 931 805 1034">
     <span class='ocr_line' id='line_1_8' title="bbox 142 951 805 1034; baseline 0.009 -22.89"><span class='ocrx_word' id='word_1_54' title='bbox 142 951 313 1015; x_wconf 85' lang='lat' dir='ltr'>suetudine</span> <span class='ocrx_word' id='word_1_55' title='bbox 336 959 515 1034; x_wconf 77' lang='lat' dir='ltr'>spectatam</span> <span class='ocrx_word' id='word_1_56' title='bbox 537 953 805 1019; x_wconf 77' lang='lat' dir='ltr'>benevolentiam.</span> 
     </span>
    </p>
   </div>
   <div class='ocr_carea' id='block_1_4' title="bbox 17 1067 1083 1337">
    <p class='ocr_par' dir='ltr' id='par_1_4' title="bbox 17 1067 1083 1337">
     <span class='ocr_line' id='line_1_9' title="bbox 148 1067 1083 1184; baseline 0.004 -46"><span class='ocrx_word' id='word_1_57' title='bbox 148 1067 320 1184; x_wconf 82' lang='lat' dir='ltr'>¹Purtinet</span> <span class='ocrx_word' id='word_1_58' title='bbox 335 1083 444 1140; x_wconf 91' lang='lat' dir='ltr'>autem</span> <span class='ocrx_word' id='word_1_59' title='bbox 461 1077 516 1140; x_wconf 89' lang='lat' dir='ltr'>hic</span> <span class='ocrx_word' id='word_1_60' title='bbox 531 1097 660 1157; x_wconf 89' lang='lat' dir='ltr'>quoque</span> <span class='ocrx_word' id='word_1_61' title='bbox 674 1077 763 1141; x_wconf 90' lang='lat' dir='ltr'>locus</span> <span class='ocrx_word' id='word_1_62' title='bbox 780 1098 831 1154; x_wconf 94' lang='lat' dir='ltr'>eo,</span> <span class='ocrx_word' id='word_1_63' title='bbox 863 1082 901 1141; x_wconf 91' lang='lat' dir='ltr'>ut</span> <span class='ocrx_word' id='word_1_64' title='bbox 921 1078 1083 1142; x_wconf 88' lang='lat' dir='ltr'>discamus</span> 
     </span>
     <span class='ocr_line' id='line_1_10' title="bbox 17 1165 1082 1246; baseline 0.005 -20"><span class='ocrx_word' id='word_1_65' title='bbox 17 1213 18 1240; x_wconf 66' lang='lat'>,</span> <span class='ocrx_word' id='word_1_66' title='bbox 226 1171 308 1227; x_wconf 85' lang='lat' dir='ltr'>recte</span> <span class='ocrx_word' id='word_1_67' title='bbox 330 1165 472 1228; x_wconf 87' lang='lat' dir='ltr'>iudicare</span> <span class='ocrx_word' id='word_1_68' title='bbox 495 1166 535 1228; x_wconf 93' lang='lat' dir='ltr'>de</span> <span class='ocrx_word' id='word_1_69' title='bbox 546 1166 792 1243; x_wconf 87' lang='lat' dir='ltr'>afflictionibus,</span> <span class='ocrx_word' id='word_1_70' title='bbox 817 1166 905 1246; x_wconf 87' lang='lat' dir='ltr'>quod</span> <span class='ocrx_word' id='word_1_71' title='bbox 921 1167 1082 1245; x_wconf 76' lang='lat' dir='ltr'>dominus,</span> 
     </span>
     <span class='ocr_line' id='line_1_11' title="bbox 17 1245 1082 1337; baseline 0.006 -24"><span class='ocrx_word' id='word_1_72' title='bbox 17 1245 19 1332; x_wconf 66' lang='lat' dir='ltr'>l</span> <span class='ocrx_word' id='word_1_73' title='bbox 144 1271 210 1314; x_wconf 90' lang='lat' dir='ltr'>non</span> <span class='ocrx_word' id='word_1_74' title='bbox 236 1252 308 1317; x_wconf 91' lang='lat' dir='ltr'>ideo</span> <span class='ocrx_word' id='word_1_75' title='bbox 331 1254 451 1334; x_wconf 88' lang='lat' dir='ltr'>infligit</span> <span class='ocrx_word' id='word_1_76' title='bbox 476 1255 603 1337; x_wconf 86' lang='lat' dir='ltr'>plagas,</span> <span class='ocrx_word' id='word_1_77' title='bbox 634 1263 673 1317; x_wconf 89' lang='lat' dir='ltr'>ut</span> <span class='ocrx_word' id='word_1_78' title='bbox 700 1256 829 1336; x_wconf 88' lang='lat' dir='ltr'>penitus</span> <span class='ocrx_word' id='word_1_79' title='bbox 862 1255 992 1318; x_wconf 89' lang='lat' dir='ltr'>abiiciat</span> <span class='ocrx_word' id='word_1_80' title='bbox 1013 1276 1082 1333; x_wconf 85' lang='lat' dir='ltr'>nos,</span> 
     </span>
    </p>
   </div>
   <div class='ocr_carea' id='block_1_5' title="bbox 141 1341 1083 1425">
    <p class='ocr_par' dir='ltr' id='par_1_5' title="bbox 141 1341 1083 1425">
     <span class='ocr_line' id='line_1_12' title="bbox 141 1341 1083 1425; baseline 0.006 -24"><span class='ocrx_word' id='word_1_81' title='bbox 141 1345 176 1401; x_wconf 73' lang='lat' dir='ltr'>&#39;et</span> <span class='ocrx_word' id='word_1_82' title='bbox 198 1341 339 1420; x_wconf 89' lang='lat' dir='ltr'>damnet,</span> <span class='ocrx_word' id='word_1_83' title='bbox 364 1343 421 1405; x_wconf 91' lang='lat' dir='ltr'>sed</span> <span class='ocrx_word' id='word_1_84' title='bbox 443 1350 481 1406; x_wconf 88' lang='lat' dir='ltr'>ut</span> <span class='ocrx_word' id='word_1_85' title='bbox 502 1364 561 1407; x_wconf 86' lang='lat' dir='ltr'>nos</span> <span class='ocrx_word' id='word_1_86' title='bbox 584 1344 709 1425; x_wconf 88' lang='lat' dir='ltr'>peccati</span> <span class='ocrx_word' id='word_1_87' title='bbox 734 1344 915 1421; x_wconf 91' lang='lat' dir='ltr'>admoneat,</span> <span class='ocrx_word' id='word_1_88' title='bbox 947 1351 981 1408; x_wconf 87' lang='lat' dir='ltr'>et</span> <span class='ocrx_word' id='word_1_89' title='bbox 1003 1346 1083 1407; x_wconf 84' lang='lat' dir='ltr'>cxci·</span> 
     </span>
    </p>
   </div>
   <div class='ocr_carea' id='block_1_6' title="bbox 17 1430 1212 1782">
    <p class='ocr_par' dir='ltr' id='par_1_6' title="bbox 17 1430 1082 1584">
     <span class='ocr_line' id='line_1_13' title="bbox 17 1430 1082 1514; baseline 0.007 -24"><span class='ocrx_word' id='word_1_90' title='bbox 17 1498 21 1510; x_wconf 38' lang='grc' dir='ltr'>Ι</span> <span class='ocrx_word' id='word_1_91' title='bbox 140 1430 258 1510; x_wconf 56' lang='grc' dir='ltr'>ἵειμᾶ</span> <span class='ocrx_word' id='word_1_92' title='bbox 280 1432 529 1512; x_wconf 88' lang='lat' dir='ltr'>poenitentiam,</span> <span class='ocrx_word' id='word_1_93' title='bbox 562 1452 598 1495; x_wconf 88' lang='lat' dir='ltr'>ao</span> <span class='ocrx_word' id='word_1_94' title='bbox 621 1438 734 1514; x_wconf 89' lang='lat' dir='ltr'>postea</span> <span class='ocrx_word' id='word_1_95' title='bbox 755 1433 873 1496; x_wconf 88' lang='lat' dir='ltr'>iterum</span> <span class='ocrx_word' id='word_1_96' title='bbox 899 1454 958 1497; x_wconf 88' lang='lat' dir='ltr'>nos</span> <span class='ocrx_word' id='word_1_97' title='bbox 982 1440 1082 1511; x_wconf 88' lang='lat' dir='ltr'>sanet,</span> 
     </span>
     <span class='ocr_line' id='line_1_14' title="bbox 17 1520 648 1584; baseline 0.013 -6"><span class='ocrx_word' id='word_1_98' title='bbox 17 1521 21 1553; x_wconf 58' lang='lat'>¹¹</span> <span class='ocrx_word' id='word_1_99' title='bbox 141 1537 180 1580; x_wconf 90' lang='lat' dir='ltr'>ao</span> <span class='ocrx_word' id='word_1_100' title='bbox 203 1520 305 1581; x_wconf 87' lang='lat' dir='ltr'>nostri</span> <span class='ocrx_word' id='word_1_101' title='bbox 327 1522 524 1584; x_wconf 88' lang='lat' dir='ltr'>misereatur.</span> <span class='ocrx_word' id='word_1_102' title='bbox 643 1566 648 1569; x_wconf 91' lang='lat'><em>-</em></span> 
     </span>
    </p>

    <p class='ocr_par' dir='ltr' id='par_1_7' title="bbox 17 1601 1212 1782">
     <span class='ocr_line' id='line_1_15' title="bbox 17 1601 1212 1698; baseline 0.008 -31"><span class='ocrx_word' id='word_1_103' title='bbox 17 1675 18 1698; x_wconf 14' lang='grc' dir='ltr'>χ</span> <span class='ocrx_word' id='word_1_104' title='bbox 138 1647 142 1653; x_wconf 81' lang='lat'>.</span> <span class='ocrx_word' id='word_1_105' title='bbox 236 1601 369 1671; x_wconf 72' lang='lat' dir='ltr'>&#39;Misere</span> <span class='ocrx_word' id='word_1_106' title='bbox 391 1616 545 1673; x_wconf 87' lang='lat' dir='ltr'>tractatus</span> <span class='ocrx_word' id='word_1_107' title='bbox 568 1616 617 1673; x_wconf 87' lang='lat' dir='ltr'>est</span> <span class='ocrx_word' id='word_1_108' title='bbox 639 1612 676 1686; x_wconf 91' lang='lat' dir='ltr'>in</span> <span class='ocrx_word' id='word_1_109' title='bbox 698 1610 793 1674; x_wconf 89' lang='lat' dir='ltr'>exilio</span> <span class='ocrx_word' id='word_1_110' title='bbox 816 1611 997 1688; x_wconf 88' lang='lat' dir='ltr'>Manasses,</span> <span class='ocrx_word' id='word_1_111' title='bbox 1027 1613 1084 1675; x_wconf 90' lang='lat' dir='ltr'>sed</span> <span class='ocrx_word' id='word_1_112' title='bbox 1208 1685 1212 1694; x_wconf 30' lang='lat'><strong><em>¹</em></strong></span> 
     </span>
     <span class='ocr_line' id='line_1_16' title="bbox 17 1696 1083 1782; baseline 0.007 -26"><span class='ocrx_word' id='word_1_113' title='bbox 17 1703 18 1722; x_wconf 61' lang='lat'>³</span> <span class='ocrx_word' id='word_1_114' title='bbox 139 1696 170 1757; x_wconf 86' lang='lat' dir='ltr'>si</span> <span class='ocrx_word' id='word_1_115' title='bbox 193 1697 316 1777; x_wconf 88' lang='lat' dir='ltr'>absque</span> <span class='ocrx_word' id='word_1_116' title='bbox 339 1718 377 1759; x_wconf 90' lang='lat' dir='ltr'>ea</span> <span class='ocrx_word' id='word_1_117' title='bbox 391 1700 487 1780; x_wconf 82' lang='lat' dir='ltr'>plaga</span> <span class='ocrx_word' id='word_1_118' title='bbox 509 1700 632 1776; x_wconf 85' lang='lat' dir='ltr'>fuisset,</span> <span class='ocrx_word' id='word_1_119' title='bbox 658 1719 827 1778; x_wconf 90' lang='lat' dir='ltr'>nunquam</span> <span class='ocrx_word' id='word_1_120' title='bbox 846 1699 993 1762; x_wconf 81' lang='lat' dir='ltr'>desiisset</span> <span class='ocrx_word' id='word_1_121' title='bbox 1016 1722 1083 1782; x_wconf 89' lang='lat' dir='ltr'>per·</span> 
     </span>
    </p>
   </div>
   <div class='ocr_carea' id='block_1_7' title="bbox 77 1785 1085 2916">
    <p class='ocr_par' dir='ltr' id='par_1_8' title="bbox 77 1785 1085 2666">
     <span class='ocr_line' id='line_1_17' title="bbox 140 1785 1081 1867; baseline 0.006 -22"><span class='ocrx_word' id='word_1_122' title='bbox 140 1785 234 1863; x_wconf 89' lang='lat' dir='ltr'>sequi</span> <span class='ocrx_word' id='word_1_123' title='bbox 248 1804 358 1848; x_wconf 86' lang='lat' dir='ltr'>veram</span> <span class='ocrx_word' id='word_1_124' title='bbox 381 1788 556 1865; x_wconf 87' lang='lat' dir='ltr'>eeclesiam,</span> <span class='ocrx_word' id='word_1_125' title='bbox 581 1794 614 1851; x_wconf 90' lang='lat' dir='ltr'>et</span> <span class='ocrx_word' id='word_1_126' title='bbox 627 1787 810 1850; x_wconf 88' lang='lat' dir='ltr'>idolatrioos</span> <span class='ocrx_word' id='word_1_127' title='bbox 833 1788 938 1850; x_wconf 89' lang='lat' dir='ltr'>cultus</span> <span class='ocrx_word' id='word_1_128' title='bbox 960 1808 1081 1867; x_wconf 87' lang='lat' dir='ltr'>urgere,</span> 
     </span>
     <span class='ocr_line' id='line_1_18' title="bbox 137 1875 1082 1958; baseline 0.005 -24"><span class='ocrx_word' id='word_1_129' title='bbox 137 1878 316 1953; x_wconf 77' lang='lat' dir='ltr'>postquam</span> <span class='ocrx_word' id='word_1_130' title='bbox 330 1876 428 1955; x_wconf 88' lang='lat' dir='ltr'>igitur</span> <span class='ocrx_word' id='word_1_131' title='bbox 450 1883 582 1956; x_wconf 84' lang='lat' dir='ltr'>urgetur</span> <span class='ocrx_word' id='word_1_132' title='bbox 595 1877 718 1958; x_wconf 85' lang='lat' dir='ltr'>poenis,</span> <span class='ocrx_word' id='word_1_133' title='bbox 742 1875 866 1957; x_wconf 90' lang='lat' dir='ltr'>peccati</span> <span class='ocrx_word' id='word_1_134' title='bbox 882 1876 1082 1953; x_wconf 85' lang='lat' dir='ltr'>admonetur,</span> 
     </span>
     <span class='ocr_line' id='line_1_19' title="bbox 140 1962 1084 2045; baseline 0.004 -21"><span class='ocrx_word' id='word_1_135' title='bbox 140 1980 179 2024; x_wconf 89' lang='lat' dir='ltr'>ac</span> <span class='ocrx_word' id='word_1_136' title='bbox 201 1962 289 2026; x_wconf 91' lang='lat' dir='ltr'>dolet</span> <span class='ocrx_word' id='word_1_137' title='bbox 311 1964 352 2026; x_wconf 85' lang='lat' dir='ltr'>de</span> <span class='ocrx_word' id='word_1_138' title='bbox 374 1972 521 2045; x_wconf 87' lang='lat' dir='ltr'>peccato,</span> <span class='ocrx_word' id='word_1_139' title='bbox 552 1966 599 2028; x_wconf 92' lang='lat' dir='ltr'>ita</span> <span class='ocrx_word' id='word_1_140' title='bbox 620 1972 746 2040; x_wconf 89' lang='lat' dir='ltr'>tamen,</span> <span class='ocrx_word' id='word_1_141' title='bbox 775 1970 813 2027; x_wconf 94' lang='lat' dir='ltr'>ut</span> <span class='ocrx_word' id='word_1_142' title='bbox 835 1965 964 2045; x_wconf 86' lang='lat' dir='ltr'>inipso</span> <span class='ocrx_word' id='word_1_143' title='bbox 987 1985 1084 2028; x_wconf 89' lang='lat' dir='ltr'>sensu</span> 
     </span>
     <span class='ocr_line' id='line_1_20' title="bbox 77 2050 1085 2135; baseline 0.006 -22"><span class='ocrx_word' id='word_1_144' title='bbox 77 2106 79 2113; x_wconf 89' lang='grc'><em>,</em></span> <span class='ocrx_word' id='word_1_145' title='bbox 141 2050 207 2114; x_wconf 90' lang='lat' dir='ltr'>irae</span> <span class='ocrx_word' id='word_1_146' title='bbox 230 2052 367 2117; x_wconf 89' lang='lat' dir='ltr'>retineat</span> <span class='ocrx_word' id='word_1_147' title='bbox 398 2072 490 2135; x_wconf 89' lang='lat' dir='ltr'>spem</span> <span class='ocrx_word' id='word_1_148' title='bbox 520 2052 766 2118; x_wconf 83' lang='lat' dir='ltr'>misericordiae.</span> <span class='ocrx_word' id='word_1_149' title='bbox 813 2053 903 2116; x_wconf 90' lang='lat' dir='ltr'>Haeo</span> <span class='ocrx_word' id='word_1_150' title='bbox 932 2073 1006 2118; x_wconf 87' lang='lat' dir='ltr'>vero</span> <span class='ocrx_word' id='word_1_151' title='bbox 1037 2062 1085 2119; x_wconf 85' lang='lat' dir='ltr'>est</span> 
     </span>
     <span class='ocr_line' id='line_1_21' title="bbox 137 2141 1082 2223; baseline 0.004 -21"><span class='ocrx_word' id='word_1_152' title='bbox 137 2141 280 2220; x_wconf 87' lang='lat' dir='ltr'>insignis</span> <span class='ocrx_word' id='word_1_153' title='bbox 307 2143 423 2219; x_wconf 89' lang='lat' dir='ltr'>virtus,</span> <span class='ocrx_word' id='word_1_154' title='bbox 459 2165 526 2207; x_wconf 91' lang='lat' dir='ltr'>uon</span> <span class='ocrx_word' id='word_1_155' title='bbox 552 2148 630 2206; x_wconf 91' lang='lat' dir='ltr'>nata</span> <span class='ocrx_word' id='word_1_156' title='bbox 659 2163 700 2204; x_wconf 87' lang='lat' dir='ltr'>ex</span> <span class='ocrx_word' id='word_1_157' title='bbox 730 2163 824 2206; x_wconf 88' lang='lat' dir='ltr'>carne</span> <span class='ocrx_word' id='word_1_158' title='bbox 854 2148 886 2205; x_wconf 91' lang='lat' dir='ltr'>et</span> <span class='ocrx_word' id='word_1_159' title='bbox 916 2145 1082 2223; x_wconf 88' lang='lat' dir='ltr'>sanguine,</span> 
     </span>
     <span class='ocr_line' id='line_1_22' title="bbox 141 2230 1082 2313; baseline 0.004 -21"><span class='ocrx_word' id='word_1_160' title='bbox 141 2230 199 2292; x_wconf 90' lang='lat' dir='ltr'>sed</span> <span class='ocrx_word' id='word_1_161' title='bbox 222 2250 265 2291; x_wconf 87' lang='lat' dir='ltr'>ex</span> <span class='ocrx_word' id='word_1_162' title='bbox 286 2232 392 2308; x_wconf 86' lang='lat' dir='ltr'>verbo,</span> <span class='ocrx_word' id='word_1_163' title='bbox 418 2252 482 2311; x_wconf 91' lang='lat' dir='ltr'>quo</span> <span class='ocrx_word' id='word_1_164' title='bbox 505 2232 637 2313; x_wconf 86' lang='lat' dir='ltr'>spiritus</span> <span class='ocrx_word' id='word_1_165' title='bbox 656 2232 956 2295; x_wconf 87' lang='lat' dir='ltr'>sanetusaocendit</span> <span class='ocrx_word' id='word_1_166' title='bbox 978 2233 1082 2310; x_wconf 86' lang='lat' dir='ltr'>corda,</span> 
     </span>
     <span class='ocr_line' id='line_1_23' title="bbox 140 2320 1085 2396; baseline 0.005 -16"><span class='ocrx_word' id='word_1_167' title='bbox 140 2324 180 2381; x_wconf 89' lang='lat' dir='ltr'>ut</span> <span class='ocrx_word' id='word_1_168' title='bbox 213 2324 359 2382; x_wconf 85' lang='lat' dir='ltr'>statuant</span> <span class='ocrx_word' id='word_1_169' title='bbox 391 2320 490 2383; x_wconf 91' lang='lat' dir='ltr'>deum</span> <span class='ocrx_word' id='word_1_170' title='bbox 520 2322 618 2383; x_wconf 91' lang='lat' dir='ltr'>etiam</span> <span class='ocrx_word' id='word_1_171' title='bbox 647 2327 732 2396; x_wconf 80' lang='lat' dir='ltr'>tum,</span> <span class='ocrx_word' id='word_1_172' title='bbox 769 2340 844 2382; x_wconf 91' lang='lat' dir='ltr'>oum</span> <span class='ocrx_word' id='word_1_173' title='bbox 878 2321 1024 2384; x_wconf 85' lang='lat' dir='ltr'>irascitur</span> <span class='ocrx_word' id='word_1_174' title='bbox 1053 2329 1085 2385; x_wconf 86' lang='lat' dir='ltr'>et</span> 
     </span>
     <span class='ocr_line' id='line_1_24' title="bbox 139 2407 1084 2487; baseline 0.004 -19"><span class='ocrx_word' id='word_1_175' title='bbox 139 2407 248 2487; x_wconf 90' lang='lat' dir='ltr'>punit,</span> <span class='ocrx_word' id='word_1_176' title='bbox 265 2427 334 2470; x_wconf 87' lang='lat' dir='ltr'>esse</span> <span class='ocrx_word' id='word_1_177' title='bbox 349 2409 597 2486; x_wconf 79' lang='lat' dir='ltr'>misericordem,</span> <span class='ocrx_word' id='word_1_178' title='bbox 622 2415 654 2472; x_wconf 93' lang='lat' dir='ltr'>et</span> <span class='ocrx_word' id='word_1_179' title='bbox 669 2409 761 2472; x_wconf 89' lang='lat' dir='ltr'>nobis</span> <span class='ocrx_word' id='word_1_180' title='bbox 779 2409 861 2470; x_wconf 91' lang='lat' dir='ltr'>bene</span> <span class='ocrx_word' id='word_1_181' title='bbox 877 2409 966 2471; x_wconf 91' lang='lat' dir='ltr'>velle.</span> <span class='ocrx_word' id='word_1_182' title='bbox 1013 2411 1084 2473; x_wconf 87' lang='lat' dir='ltr'>Hoc</span> 
     </span>
     <span class='ocr_line' id='line_1_25' title="bbox 140 2491 1084 2577; baseline 0.004 -20"><span class='ocrx_word' id='word_1_183' title='bbox 140 2515 209 2558; x_wconf 88' lang='lat' dir='ltr'>non</span> <span class='ocrx_word' id='word_1_184' title='bbox 231 2495 363 2560; x_wconf 82' lang='lat' dir='ltr'>videbat</span> <span class='ocrx_word' id='word_1_185' title='bbox 385 2493 494 2574; x_wconf 69' lang='lat' dir='ltr'>(lain,3</span> <span class='ocrx_word' id='word_1_186' title='bbox 536 2518 603 2560; x_wconf 92' lang='lat' dir='ltr'>non</span> <span class='ocrx_word' id='word_1_187' title='bbox 625 2491 731 2574; x_wconf 55' lang='lat' dir='ltr'>stuf</span> <span class='ocrx_word' id='word_1_188' title='bbox 768 2497 866 2576; x_wconf 85' lang='lat' dir='ltr'>igitur</span> <span class='ocrx_word' id='word_1_189' title='bbox 888 2497 974 2560; x_wconf 87' lang='lat' dir='ltr'>caeci</span> <span class='ocrx_word' id='word_1_190' title='bbox 996 2518 1084 2577; x_wconf 89' lang='lat' dir='ltr'>urge-</span> 
     </span>
     <span class='ocr_line' id='line_1_26' title="bbox 142 2583 902 2666; baseline 0.003 -20"><span class='ocrx_word' id='word_1_191' title='bbox 142 2583 223 2646; x_wconf 88' lang='lat' dir='ltr'>bant</span> <span class='ocrx_word' id='word_1_192' title='bbox 245 2584 412 2648; x_wconf 90' lang='lat' dir='ltr'>interitum</span> <span class='ocrx_word' id='word_1_193' title='bbox 435 2607 531 2649; x_wconf 91' lang='lat' dir='ltr'>suum</span> <span class='ocrx_word' id='word_1_194' title='bbox 554 2586 679 2649; x_wconf 86' lang='lat' dir='ltr'>abiecta</span> <span class='ocrx_word' id='word_1_195' title='bbox 701 2605 758 2666; x_wconf 88' lang='lat' dir='ltr'>spe</span> <span class='ocrx_word' id='word_1_196' title='bbox 780 2585 902 2649; x_wconf 78' lang='lat' dir='ltr'>veniae.</span> 
     </span>
    </p>

    <p class='ocr_par' dir='ltr' id='par_1_9' title="bbox 139 2673 1085 2916">
     <span class='ocr_line' id='line_1_27' title="bbox 232 2673 1085 2755; baseline 0.004 -20"><span class='ocrx_word' id='word_1_197' title='bbox 232 2673 400 2737; x_wconf 85' lang='lat' dir='ltr'>Notandus</span> <span class='ocrx_word' id='word_1_198' title='bbox 419 2675 519 2755; x_wconf 89' lang='lat' dir='ltr'>igitur</span> <span class='ocrx_word' id='word_1_199' title='bbox 542 2675 712 2754; x_wconf 89' lang='lat' dir='ltr'>diligenter</span> <span class='ocrx_word' id='word_1_200' title='bbox 733 2674 788 2736; x_wconf 88' lang='lat' dir='ltr'>hio</span> <span class='ocrx_word' id='word_1_201' title='bbox 810 2675 899 2737; x_wconf 88' lang='lat' dir='ltr'>locus</span> <span class='ocrx_word' id='word_1_202' title='bbox 915 2681 972 2751; x_wconf 92' lang='lat' dir='ltr'>est,</span> <span class='ocrx_word' id='word_1_203' title='bbox 998 2676 1085 2755; x_wconf 89' lang='lat' dir='ltr'>quod</span> 
     </span>
     <span class='ocr_line' id='line_1_28' title="bbox 139 2761 1085 2844; baseline 0.003 -21"><span class='ocrx_word' id='word_1_204' title='bbox 139 2761 189 2824; x_wconf 89' lang='lat' dir='ltr'>ita</span> <span class='ocrx_word' id='word_1_205' title='bbox 210 2762 293 2824; x_wconf 88' lang='lat' dir='ltr'>belle</span> <span class='ocrx_word' id='word_1_206' title='bbox 316 2763 549 2843; x_wconf 87' lang='lat' dir='ltr'>poenitentiam</span> <span class='ocrx_word' id='word_1_207' title='bbox 572 2764 732 2840; x_wconf 87' lang='lat' dir='ltr'>describit,</span> <span class='ocrx_word' id='word_1_208' title='bbox 762 2783 798 2825; x_wconf 86' lang='lat' dir='ltr'>ac</span> <span class='ocrx_word' id='word_1_209' title='bbox 821 2761 988 2844; x_wconf 87' lang='lat' dir='ltr'>coniungit</span> <span class='ocrx_word' id='word_1_210' title='bbox 1011 2785 1085 2826; x_wconf 91' lang='lat' dir='ltr'>cum</span> 
     </span>
     <span class='ocr_line' id='line_1_29' title="bbox 140 2851 773 2916; baseline 0.002 -4"><span class='ocrx_word' id='word_1_211' title='bbox 140 2869 241 2913; x_wconf 89' lang='lat' dir='ltr'>sensu</span> <span class='ocrx_word' id='word_1_212' title='bbox 263 2851 329 2914; x_wconf 88' lang='lat' dir='ltr'>irae</span> <span class='ocrx_word' id='word_1_213' title='bbox 351 2852 505 2916; x_wconf 90' lang='lat' dir='ltr'>fiduciam</span> <span class='ocrx_word' id='word_1_214' title='bbox 528 2853 773 2915; x_wconf 88' lang='lat' dir='ltr'>misericordiae.</span> 
     </span>
    </p>
   </div>
   <div class='ocr_carea' id='block_1_8' title="bbox 138 2974 1177 3233">
    <p class='ocr_par' dir='ltr' id='par_1_10' title="bbox 138 2974 1177 3233">
     <span class='ocr_line' id='line_1_30' title="bbox 240 2974 1177 3066; baseline 0 -20"><span class='ocrx_word' id='word_1_215' title='bbox 240 2974 450 3050; x_wconf 83' lang='lat' dir='ltr'>ivifieabit</span> <span class='ocrx_word' id='word_1_216' title='bbox 483 3006 557 3048; x_wconf 89' lang='lat' dir='ltr'>nos</span> <span class='ocrx_word' id='word_1_217' title='bbox 594 2991 689 3066; x_wconf 90' lang='lat' dir='ltr'>post</span> <span class='ocrx_word' id='word_1_218' title='bbox 722 2983 900 3060; x_wconf 91' lang='lat' dir='ltr'>biduum,</span> <span class='ocrx_word' id='word_1_219' title='bbox 947 2983 987 3045; x_wconf 87' lang='lat' dir='ltr'>in</span> <span class='ocrx_word' id='word_1_220' title='bbox 1021 2984 1084 3046; x_wconf 91' lang='lat' dir='ltr'>die</span> <span class='ocrx_word' id='word_1_221' title='bbox 1170 3015 1177 3022; x_wconf 79' lang='lat'><em>,</em></span> 
     </span>
     <span class='ocr_line' id='line_1_31' title="bbox 256 3072 1085 3154; baseline -0.004 -17"><span class='ocrx_word' id='word_1_222' title='bbox 256 3076 380 3138; x_wconf 89' lang='lat' dir='ltr'>tertio</span> <span class='ocrx_word' id='word_1_223' title='bbox 403 3074 528 3138; x_wconf 87' lang='lat' dir='ltr'>faciet</span> <span class='ocrx_word' id='word_1_224' title='bbox 549 3094 621 3136; x_wconf 90' lang='lat' dir='ltr'>nos</span> <span class='ocrx_word' id='word_1_225' title='bbox 637 3092 820 3154; x_wconf 86' lang='lat' dir='ltr'>surgere,</span> <span class='ocrx_word' id='word_1_226' title='bbox 845 3072 1085 3136; x_wconf 89' lang='lat' dir='ltr'>etvivemus</span> 
     </span>
     <span class='ocr_line' id='line_1_32' title="bbox 138 3163 580 3233; baseline -0.005 -7"><span class='ocrx_word' id='word_1_227' title='bbox 138 3228 141 3233; x_wconf 11' lang='grc' dir='ltr'><em>Α</em></span> <span class='ocrx_word' id='word_1_228' title='bbox 188 3163 580 3226; x_wconf 83' lang='lat' dir='ltr'>antefaoiemeius.</span> 
     </span>
    </p>
   </div>
   <div class='ocr_carea' id='block_1_9' title="bbox 194 3293 1084 3376">
    <p class='ocr_par' dir='ltr' id='par_1_11' title="bbox 194 3293 1084 3376">
     <span class='ocr_line' id='line_1_33' title="bbox 194 3293 1084 3376; baseline -0.001 -21"><span class='ocrx_word' id='word_1_229' title='bbox 194 3315 380 3376; x_wconf 86' lang='lat' dir='ltr'>reronymus</span> <span class='ocrx_word' id='word_1_230' title='bbox 402 3297 516 3359; x_wconf 90' lang='lat' dir='ltr'>recitat</span> <span class='ocrx_word' id='word_1_231' title='bbox 537 3296 731 3358; x_wconf 90' lang='lat' dir='ltr'>Iudaeorum</span> <span class='ocrx_word' id='word_1_232' title='bbox 754 3293 949 3358; x_wconf 89' lang='lat' dir='ltr'>sententiam</span> <span class='ocrx_word' id='word_1_233' title='bbox 969 3294 1009 3355; x_wconf 88' lang='lat' dir='ltr'>de</span> <span class='ocrx_word' id='word_1_234' title='bbox 1032 3293 1084 3354; x_wconf 90' lang='lat' dir='ltr'>tri·</span> 
     </span>
    </p>
   </div>
   <div class='ocr_carea' id='block_1_10' title="bbox 216 3381 1213 3464">
    <p class='ocr_par' dir='ltr' id='par_1_12' title="bbox 216 3381 1213 3464">
     <span class='ocr_line' id='line_1_34' title="bbox 216 3381 1213 3464; baseline -0.006 -17"><span class='ocrx_word' id='word_1_235' title='bbox 216 3386 279 3448; x_wconf 87' lang='lat' dir='ltr'>bus</span> <span class='ocrx_word' id='word_1_236' title='bbox 308 3385 431 3448; x_wconf 87' lang='lat' dir='ltr'>diebus.</span> <span class='ocrx_word' id='word_1_237' title='bbox 478 3385 540 3447; x_wconf 77' lang='lat' dir='ltr'>Sed</span> <span class='ocrx_word' id='word_1_238' title='bbox 569 3384 650 3464; x_wconf 89' lang='lat' dir='ltr'>quid</span> <span class='ocrx_word' id='word_1_239' title='bbox 679 3383 920 3464; x_wconf 86' lang='lat' dir='ltr'>expectabimus</span> <span class='ocrx_word' id='word_1_240' title='bbox 951 3381 1022 3444; x_wconf 87' lang='lat' dir='ltr'>sani</span> <span class='ocrx_word' id='word_1_241' title='bbox 1045 3381 1085 3443; x_wconf 93' lang='lat' dir='ltr'>ab</span> <span class='ocrx_word' id='word_1_242' title='bbox 1211 3428 1213 3432; x_wconf 85' lang='lat'>.</span> 
     </span>
    </p>
   </div>
   <div class='ocr_carea' id='block_1_11' title="bbox 164 3469 1086 3555">
    <p class='ocr_par' dir='ltr' id='par_1_13' title="bbox 164 3469 1086 3555">
     <span class='ocr_line' id='line_1_35' title="bbox 164 3469 1086 3555; baseline -0.004 -20"><span class='ocrx_word' id='word_1_243' title='bbox 164 3494 183 3536; x_wconf 90' lang='lat' dir='ltr'>s</span> <span class='ocrx_word' id='word_1_244' title='bbox 205 3472 242 3535; x_wconf 91' lang='lat' dir='ltr'>in</span> <span class='ocrx_word' id='word_1_245' title='bbox 265 3474 496 3555; x_wconf 89' lang='lat' dir='ltr'>prophetarum</span> <span class='ocrx_word' id='word_1_246' title='bbox 519 3472 741 3555; x_wconf 86' lang='lat' dir='ltr'>explicatione,</span> <span class='ocrx_word' id='word_1_247' title='bbox 771 3473 827 3552; x_wconf 91' lang='lat' dir='ltr'>qui</span> <span class='ocrx_word' id='word_1_248' title='bbox 850 3471 1032 3552; x_wconf 86' lang='lat' dir='ltr'>prophetas,</span> <span class='ocrx_word' id='word_1_249' title='bbox 1058 3469 1086 3532; x_wconf 91' lang='lat' dir='ltr'>si</span> 
     </span>
    </p>
   </div>
   <div class='ocr_carea' id='block_1_12' title="bbox 192 3643 1083 3786">
    <p class='ocr_par' dir='ltr' id='par_1_14' title="bbox 192 3643 1083 3786">
     <span class='ocr_line' id='line_1_36' title="bbox 234 3643 1083 3715; baseline -0.005 -15"><span class='ocrx_word' id='word_1_250' title='bbox 234 3647 262 3715; x_wconf 92' lang='lat'>1)</span> <span class='ocrx_word' id='word_1_251' title='bbox 301 3646 360 3701; x_wconf 82' lang='lat' dir='ltr'>Gur</span> <span class='ocrx_word' id='word_1_252' title='bbox 389 3648 461 3702; x_wconf 88' lang='lat' dir='ltr'>deus</span> <span class='ocrx_word' id='word_1_253' title='bbox 485 3648 561 3702; x_wconf 86' lang='lat' dir='ltr'>cruci</span> <span class='ocrx_word' id='word_1_254' title='bbox 586 3663 640 3701; x_wconf 86' lang='lat' dir='ltr'>noa</span> <span class='ocrx_word' id='word_1_255' title='bbox 665 3645 814 3700; x_wconf 82' lang='lat' dir='ltr'>subiiciat?</span> <span class='ocrx_word' id='word_1_256' title='bbox 864 3643 892 3712; x_wconf 81' lang='lat'>2)</span> <span class='ocrx_word' id='word_1_257' title='bbox 924 3643 1083 3698; x_wconf 88' lang='lat' dir='ltr'>Manasses.</span> 
     </span>
     <span class='ocr_line' id='line_1_37' title="bbox 192 3717 465 3786; baseline 0 -14"><span class='ocrx_word' id='word_1_258' title='bbox 192 3717 273 3773; x_wconf 84' lang='lat' dir='ltr'>Cain.</span> <span class='ocrx_word' id='word_1_259' title='bbox 310 3717 339 3786; x_wconf 89' lang='grc'>4)</span> <span class='ocrx_word' id='word_1_260' title='bbox 359 3718 432 3772; x_wconf 82' lang='lat' dir='ltr'>Saul.</span> <span class='ocrx_word' id='word_1_261' title='bbox 462 3718 465 3725; x_wconf 72' lang='grc'><strong>“</strong></span> 
     </span>
    </p>
   </div>
   <div class='ocr_carea' id='block_1_13' title="bbox 0 0 1293 4225">
    <p class='ocr_par' dir='ltr' id='par_1_15' title="bbox 0 0 1293 4225">
     <span class='ocr_line' id='line_1_38' title="bbox 0 0 1293 4225; baseline 0 0"><span class='ocrx_word' id='word_1_262' title='bbox 0 0 1293 4225; x_wconf 95' lang='lat' dir='ltr'> </span> 
     </span>
    </p>
   </div>
  </div>
 </body>
</html>
