2575 4225
919 288 1171 352 Hoseae
1216 290 1584 370 prophetae.
2065 299 2097 352 4
2109 292 2141 352 T·
2153 296 2189 348 ἦ.

1147 465 1363 530 XIIII.

396 642 1042 754 Davastabitur
1072 643 1465 720 Samaria,
1515 646 1895 724 quoniam
1940 648 2185 708 rohel-

528 733 735 796 lavit
790 733 935 796 deo
996 753 1156 796 suo.
1250 733 1389 796 Per
1448 734 1809 812 gladium
1864 736 2185 812 eadwi-at.

394 823 720 904 parvuli
757 839 1034 885 ¹eorum
1081 822 1535 885 allidentur
1593 829 1665 886 et
1709 836 2189 905 pregnantes

396 913 567 975 eius
614 908 1200 976 discindentur.
1266 898 1285 915 ⁶

299 1086 576 1199 *Rncte
638 1088 720 1153 ab
780 1089 905 1152 hoc
948 1089 1088 1152 loco
1146 1089 1557 1168 auspicamur
1610 1089 1916 1152 ultimum
1973 1104 2185 1172 capul.

484 1199 639 1240 nam
669 1179 984 1260 propheta
1025 1179 1134 1240 hic
1164 1178 1459 1241 omnium
1504 1197 1766 1240 suarum
1805 1180 2189 1241 concionum

300 1287 632 1332 summam
678 1268 1017 1349 complecti
1060 1267 1280 1331 voluit.

382 1408 392 1419 .
484 1357 774 1418 Primum
818 1357 993 1418 enim
1024 1357 1312 1418 minatur
1355 1375 1551 1436 regno
1581 1355 1779 1418 Israel
1825 1356 2181 1420 vastitatem

194 1466 204 1471 ’
273 1451 569 1529 ‘propter
626 1444 1018 1520 idolatriam,
1091 1445 1326 1508 diserte
1386 1444 1562 1507 enim
1622 1445 1707 1509 de.
1757 1445 2045 1508 Samaria
2109 1448 2185 1508 lativ

299 1536 542 1616 quitur.
645 1533 894 1601 Deinde
961 1534 1281 1610 hortatur,
1355 1538 1431 1596 ut
1501 1535 1572 1597 in
1644 1535 1771 1597 ista
1827 1535 2189 1597 calamitate

301 1623 583 1705 populus
649 1643 717 1685 se
780 1627 1108 1686 convertat
1175 1623 1259 1684 ad
1319 1623 1516 1685 deum
1532 1672 1545 1699 ‚
1619 1642 1694 1686 ac
1760 1624 2185 1704 pulcherrimo

301 1713 509 1788 docet,
558 1731 723 1792 quae
770 1712 855 1774 sit
897 1732 1049 1776 vera
1084 1711 1501 1792 poenitentia,
1553 1731 1787 1792 nempe
1822 1716 2189 1773 emendatis}

300 1802 473 1898 vitae
521 1806 586 1863 et
629 1800 866 1863 fiducia
908 1799 1380 1863 misericordiae
1395 1849 1408 1876 ‚
1465 1798 1597 1880 qua
1639 1800 1929 1862 remissio
1974 1824 2185 1880 pisca*

299 1896 520 1953 torum
574 1889 903 1970 accipitur.
1005 1888 1179 1951 Huic
1237 1888 1670 1951 exhortationi
1731 1889 1989 1952 subiicit
2049 1912 2181 1952 sun-

300 1980 601 2043 vissimas
662 1983 728 2040 et
784 1977 1305 2060 opulentissimas
1362 1978 1836 2058 promissiones.
1937 1979 2185 2040 Deinde

294 2069 386 2131 ad
444 2067 958 2131 exhortationem
1014 2066 1209 2144 redit,
1270 2071 1466 2147 atque
1522 2067 1646 2130 hoc
1704 2066 1899 2130 modo
1944 2068 2185 2129 claudit

293 2158 647 2222 conciones
694 2176 862 2220 suae.
1329 2185 1334 2189 ·

483 2245 915 2309 Comminatio
968 2245 1178 2307 brevis
1224 2250 1349 2321 est,
1412 2244 1525 2308 sed
1579 2243 1969 2324 gravissima.
2065 2249 2181 2305 Ya-

299 2336 612 2411 Stabi‘our,
670 2334 913 2415 inquit,
964 2334 1277 2409 Samaria,
1324 2333 1452 2396 hoc
1498 2340 1610 2409 est,
1659 2338 1870 2395 totum
1915 2353 2183 2413 regnum

298 2425 500 2487 Israel
546 2424 627 2486 ab
658 2424 923 2503 Assyrio
962 2427 1297 2487 evertetur.
1390 2423 1486 2484 Ac
1506 2421 1714 2511 ‚addit
1743 2441 2005 2484 causam
2049 2433 2181 2485 tani

298 2512 625 2577 horribilis
686 2532 931 2593 poenae
952 2562 965 2588 ,
1028 2512 1183 2592 quia
1239 2511 1571 2574 rebellavit
1627 2511 1746 2573 deo
1803 2530 1940 2573 suo.
2045 2513 2185 2573 Hoc

302 2602 547 2666 crimen
602 2602 740 2664 sine
793 2601 992 2664 dubio
1041 2607 1179 2663 tam
1225 2621 1362 2663 non
1406 2600 1667 2681 agnovit
1712 2600 1929 2676 Israel,
1989 2621 2181 2677 quani

300 2690 495 2753 hodie
554 2691 845 2771 papistae
892 2690 1095 2753 nostri
1155 2710 1289 2753 non
1345 2693 1703 2769 agnoscunt
1762 2708 1830 2751 se
1882 2688 2185 2753 idolatras

302 2785 370 2841 et
414 2779 826 2859 blasphemos
882 2799 1037 2842 esse.
1130 2778 1301 2840 Nam
1345 2779 1554 2841 cultus
1601 2783 1667 2840 et
1711 2781 2073 2859 sumptuosi
2125 2789 2185 2841 vt

300 2867 601 2930 difficiles
630 2867 702 2929 in
746 2887 940 2948 regno
969 2865 1169 2930 Israel
1204 2867 1487 2943 fuerunt,
1536 2867 1772 2946 quibus
1803 2868 1997 2929 etiam
2037 2889 2185 2929 vum

302 2957 609 3038 superbia
660 2956 938 3038 professi
996 2963 1151 3019 sunt
1218 2957 1286 3018 se
1349 2955 1549 3017 colere
1603 2955 1790 3017 illum
1849 2955 2073 3029 deum¹
2149 2977 2185 3017 ss.

302 3065 436 3126 quo
482 3067 565 3108 ex
593 3046 887 3127 Aegypto
930 3043 1186 3108 liberati
1216 3044 1367 3107 sint.
1438 3043 1616 3106 Sicut
1645 3044 1843 3123 igitur
1871 3045 2078 3125 papist
2093 3065 2181 3113 aff,

302 3154 452 3198 cum
488 3129 867 3212 accusantur
895 3133 1268 3216 impietatis,
1319 3134 1598 3212 allegant
1625 3138 1923 3196 votorum
1969 3153 2181 3201 muers.

298 3223 574 3299 ieiunia,
638 3223 916 3303 vigilias,
989 3229 1287 3305 sumptus
1346 3221 1722 3301 magnificos
1792 3221 1864 3282 in
1919 3225 2181 3301 templa,

303 3311 738 3393 frequentiam
770 3311 1136 3387 missarum{
1184 3310 1598 3391 disciplinam
1643 3316 1708 3373 et
1753 3310 2005 3373 similia.
2089 3313 2185 3369 lta.

312 3400 444 3464 sine
504 3399 703 3463 dubio
765 3421 1040 3481 regnum
1096 3401 1296 3464 Israel
1356 3405 1578 3476 contra
1631 3399 1758 3461 hoc
1812 3400 2053 3460 crimen
2117 3421 2181 3457 saw

320 3489 628 3564 lesendit‚
689 3493 753 3551 et
780 3490 1003 3565 „voluit
1056 3510 1189 3553 non
1243 3488 1496 3551 rebellis
1551 3486 1666 3549 sed
1721 3485 1841 3550 deo
1887 3487 2181 3550 obetzliffli-

485 3700 535 3769 ‘)
574 3700 645 3753 In
668 3715 846 3770 marg.
872 3700 995 3754 coll.
1021 3700 1167 3764 Ien.,:
1206 3698 1481 3753 Omnium
1504 3697 1820 3766 prophetae
1845 3701 2181 3753 con-nimium

320 3769 499 3827 ..revis
535 3769 986 3838 comprehensio,
