2575 4225
211 282 252 345 32
534 280 639 361 Caput
661 279 813 359 quintum

208 459 313 538 legem
335 457 389 520 dei
411 463 444 521 et
466 456 599 520 verbum
622 472 773 531 servasse,
798 460 831 518 et
852 476 919 518 non
942 474 1063 518 novum
1086 456 1152 518 cul·

209 554 281 610 tum
302 545 421 627 erigere
444 551 503 610 ete.
535 545 624 626 quod
653 544 767 608 videns
794 544 953 625 propheta
978 543 1046 607 selo
1074 543 1151 607 due·

209 640 262 699 tus
284 642 344 700 ete.
373 636 488 717 plenus
511 634 629 716 spiritu
657 639 689 696 et
711 631 848 695 audacia
869 638 960 696 taxat
973 632 1028 695 hie
1043 651 1152 696 sermo

209 724 398 807 prophetae:
424 758 467 769 -

382 847 537 929 quoniam
559 846 694 927 laqueus
716 844 824 909 fuistis
847 844 976 921 Mitzba,

209 954 376 1037 proprium
391 974 510 1018 nomen
524 952 588 1017 loci
602 952 700 1019 debet
714 973 793 1030 esse,
814 953 924 1016 nullus
937 951 1153 1034 interpretum

208 1044 271 1107 hoo
293 1042 392 1125 vidit,
427 1042 475 1120 3st
496 1043 551 1108 but
573 1039 647 1123 nicht
676 1040 722 1108 tlt
749 1040 905 1121 todation,
936 1046 1032 1104 notus
1060 1041 1153 1103 loeus

209 1138 243 1194 et
264 1131 469 1195 celeberrima
482 1132 560 1194 urbs
575 1137 625 1194 est
646 1131 767 1193 Mitzba
789 1137 848 1194 ete.
894 1130 945 1192 Its
958 1129 1038 1209 legis
1050 1149 1153 1210 quon·

209 1220 275 1283 iam
317 1220 425 1283 fuistis
465 1220 600 1299 laqueus
630 1218 768 1282 Mitzbae
802 1225 836 1282 et
867 1224 934 1281 rete
968 1237 1152 1299 expansum

210 1309 335 1372 thabor.
381 1307 566 1372 Divinanda
589 1314 637 1371 est
659 1308 795 1370 historia
815 1309 905 1384 haee,
929 1306 1089 1387 quianon
1104 1313 1156 1370 est

212 1396 332 1477 scripta
354 1401 414 1460 eto.
461 1396 527 1459 Ubi
548 1415 598 1460 res
622 1396 749 1477 egregia
770 1396 817 1473 fit,
841 1395 994 1476 erigimus
1016 1395 1152 1472 idolum,

210 1486 257 1567 sio
279 1483 391 1547 Iudaei
413 1486 465 1549 vel
486 1484 631 1547 Iraelitae
655 1491 714 1549 eto.
761 1485 839 1565 qnia
861 1484 990 1547 Samuel
1005 1483 1102 1547 unxit
1116 1483 1155 1547 in

211 1574 331 1637 Mitzba
358 1573 447 1650 Saul,
483 1574 556 1637 ideo
590 1573 750 1654 erigemus
784 1575 838 1636 hie
872 1592 994 1637 novum
1016 1573 1152 1636 cultum.

210 1664 258 1725 De
280 1662 397 1726 thabor
418 1668 530 1726 monte
553 1664 710 1727 celebrato
739 1661 886 1726 iudicum
916 1663 936 1725 5
959 1660 1033 1725 vide
1063 1661 1154 1741 quod

211 1752 335 1815 cultum
356 1751 422 1815 illie
444 1752 612 1828 erexerint,
643 1752 802 1834 propheta
827 1750 923 1814 dicit:
957 1750 1092 1830 laqueus
1120 1756 1156 1814 et

212 1839 401 1904 scandalum
424 1840 502 1906 faeti
517 1840 593 1905 estis
608 1842 699 1903 omni
714 1840 834 1922 populo
848 1840 885 1902 in
901 1837 1051 1919 erigendo
1067 1858 1154 1903 novo

210 1930 308 2006 cultu,
339 1950 371 2010 q.
395 1928 428 1993 d.
452 1950 519 1993 non
541 1928 619 1992 satis
639 1928 703 1993 fuit
721 1931 757 1992 in
779 1928 944 1992 montibus
964 1934 997 1990 et
1018 1927 1155 1991 excelsis

210 2019 348 2082 erexisse
370 2018 503 2095 cultum,
528 2017 649 2099 erigitis
671 2024 705 2082 et
726 2036 847 2081 novum
870 2022 929 2081 ete.

569 2143 613 2205 Et
634 2142 792 2206 victimas.

302 2248 428 2312 Odiosis
450 2249 556 2312 verbis
578 2248 721 2329 loquitur
735 2249 894 2331 propheta
907 2249 1010 2325 valde,
1035 2255 1154 2312 maeta-

213 2338 335 2400 tionem
356 2343 449 2400 vocat
478 2357 520 2398 ex
546 2335 769 2417 indignatione
796 2339 847 2401 vel
873 2337 1054 2414 macellum,
1085 2358 1156 2401 non

213 2425 365 2507 dignatur
386 2445 499 2490 vocare
522 2425 670 2490 victimas
692 2433 752 2490 eto.
797 2426 911 2491 Aversi
932 2424 1155 2506 profundastis

213 2521 320 2578 textus
342 2514 499 2578 hebraeus
521 2514 629 2579 habet.
676 2515 817 2596 speeiem
840 2522 873 2579 et
893 2515 1016 2579 larvam
1036 2514 1155 2577 intelli-

213 2605 270 2684 git,
294 2602 413 2683 quibus
436 2604 594 2684 populum
627 2610 661 2666 et
688 2623 779 2667 veros
802 2604 975 2684 prophetas
998 2603 1157 2668 fallebant

214 2697 273 2756 eto.
312 2691 363 2755 vel
378 2691 487 2769 fallere
501 2693 652 2758 volebant
667 2697 726 2755 eto.
758 2692 857 2756 Nota:
881 2691 910 2754 si
931 2691 1157 2756 reformationi

214 2779 380 2844 studerent
409 2780 586 2861 pontifioes,
621 2780 668 2844 ita
700 2780 935 2861 profunderent
968 2787 1027 2844 ete.
1084 2781 1157 2843 Vae

214 2869 270 2950 qui
293 2868 369 2932 estis
387 2869 548 2949 ‚profundi
570 2868 665 2932 eorde
681 2875 739 2933 ete.
764 2870 810 2932 its
833 2869 906 2932 lisa.
931 2873 991 2932 eto.

335 2993 378 3056 llt
400 2991 502 3057 aversi
524 2992 672 3056 victimas
696 2992 818 3056 fecistis
840 2992 1028 3075 profundas,

214 3099 248 3161 id
271 3105 337 3162 est:
373 3098 588 3180 pulcherrima
622 3097 728 3180 speeie
761 3098 996 3177 reformationis
1030 3103 1156 3162 vestrae

214 3186 410 3250 absconditis
432 3187 578 3252 victimas
602 3193 661 3250 eto.
691 3193 724 3251 et
746 3187 874 3251 creditis
897 3208 957 3251 nos
980 3187 1062 3264 falli,
1087 3208 1157 3252 non

213 3275 278 3351 fiet,
301 3293 407 3356 neque
430 3274 529 3338 deum
551 3276 669 3340 falletis
690 3281 751 3356 eto.
798 3275 893 3339 Unde
915 3276 995 3340 dicit
1017 3275 1113 3340 deus:

578 3399 621 3462 Et
643 3419 703 3480 ego
726 3405 785 3464 ete.

303 3525 335 3586 q.
359 3504 391 3568 d.
415 3505 537 3590 populo
559 3506 711 3586 laqueum
735 3505 869 3583 iniieies,
894 3506 951 3570 sed
973 3526 1027 3570 ero
1050 3506 1157 3571 vindi·

214 3597 311 3670 sator,
335 3612 387 3656 me
410 3615 477 3658 non
500 3595 627 3658 celabis.

304 3749 331 3818 1)
350 3767 376 3807 v.
396 3749 421 3804 2.
