2575 4225
451 277 576 340 Hoseae
599 278 783 359 prophetae.
1024 281 1085 343 221

140 455 327 519 idolatriam
362 459 395 517 et
429 453 629 535 impietatem
665 456 908 537 reprehendere,
945 464 977 521 et
1014 476 1089 521 cum

140 544 272 608 Christo
288 562 321 605 se
338 543 540 623 coniungere,
565 564 602 607 ac
619 546 821 625 evangelium
837 545 987 627 amplecti
1002 548 1087 610 volu-

139 633 228 698 isset.

232 721 320 796 Quid
343 727 452 785 autem
475 721 590 784 dehis
618 721 706 785 dicas
741 722 845 799 aliud,
879 742 979 803 quam
1001 724 1088 804 quod

141 812 263 874 Paulus
286 804 400 886 dixit,l
432 810 530 872 deum
553 829 665 873 corum
688 830 757 875 esse
780 814 946 875 ventrem?
991 813 1088 875 Hunc

138 899 321 982 respiciunt
342 900 378 961 in
400 899 468 961 suis
484 900 632 976 cultibus,
657 901 734 963 huic
751 901 912 982 quidquid
927 908 983 965 aut
1005 922 1087 965 com·

139 988 279 1052 modum
308 994 366 1051 aut
391 988 635 1051 incommodum
658 995 719 1065 est,
749 990 811 1053 hoc
837 990 888 1052 vel
910 995 1089 1069 sequuntur

140 1079 193 1141 vel
223 1078 370 1157 fugiunt,
405 1077 495 1139 nulla
521 1078 618 1158 plane
648 1078 760 1140 habita
793 1079 915 1141 ratione
946 1079 1035 1141 verbi
1057 1086 1090 1141 ct

138 1167 202 1229 lilii
217 1166 282 1242 dei,
307 1165 348 1228 de
365 1185 430 1245 quo
446 1171 556 1229 tamen
574 1172 694 1229 norunt
709 1165 864 1230 divinitus
886 1166 1087 1243 mandatum,

142 1255 232 1335 quod
265 1254 370 1317 audiri
398 1254 521 1318 debeat.
568 1255 712 1318 Proiecto
742 1260 809 1319 tolo
844 1256 953 1318 animo
982 1257 1087 1319 cohor-

138 1364 240 1421 resco,
265 1363 340 1405 cum
359 1343 453 1406 video
474 1344 676 1424 papistarum
695 1351 826 1425 peccata
849 1346 894 1408 sic
917 1365 1088 1425 congruere

140 1452 218 1496 cum
233 1431 400 1495 israelitici
414 1433 527 1513 populi
543 1433 691 1513 peccatis.
738 1434 817 1507 Quis
833 1435 921 1496 enim
944 1455 1010 1498 non
1025 1452 1088 1497 mc-

142 1528 215 1585 tuat
237 1522 325 1583 idem
347 1520 526 1603 periculum
549 1522 646 1585 etiam
667 1522 858 1586 Germaniae
880 1524 1088 1606 impendere?

187 1679 344 1797 Quare,
380 1700 472 1744 ecce
495 1702 567 1760 ego
594 1682 865 1745 intercludam
891 1684 977 1747 vias
1000 1690 1088 1747 tuas

249 1770 399 1851 spinis,
424 1776 463 1832 et
485 1771 573 1851 sepi
595 1771 818 1851 obsepiam,
843 1792 890 1834 ne
911 1773 1088 1835 inveniat

187 1860 357 1923 semitas
384 1878 491 1934 suas,
525 1859 746 1923 sectabitur
773 1880 862 1940 ergo
891 1867 1088 1924 amatores

186 1968 293 2025 suos,
318 1954 358 2009 ct
378 1967 455 2010 non
474 1954 732 2027 assequetur,
763 1956 924 2027 quaeret
947 1969 1028 2025 eos,
1053 1956 1089 2012 et

143 2090 147 2099 .
186 2058 268 2101 non
290 2036 480 2099 inveniet.

141 2186 288 2309 Repetit
316 2198 370 2260 hic
400 2218 537 2278 poenas,
567 2198 624 2260 sed
647 2199 717 2262 aliis
746 2199 870 2279 figuris,
902 2200 980 2281 quia
1001 2200 1089 2264 enim

16 2320 25 2383 i
140 2363 144 2368 .
206 2287 303 2369 impii
324 2292 446 2367 quanto
469 2287 644 2351 calamitati
666 2289 853 2370 propriores,
878 2295 968 2353 tanto
991 2291 1089 2353 etiam

141 2377 248 2440 securi
273 2376 378 2455 magis
407 2381 499 2452 sunt,
528 2396 595 2439 non
622 2378 700 2440 satis
730 2385 778 2440 est
800 2398 855 2441 eos
885 2378 1088 2442 admonuisse

140 2466 252 2542 semel,
278 2465 376 2527 etiam
398 2464 515 2527 millies
530 2465 682 2547 repetitas
705 2467 811 2528 minas
826 2472 935 2529 tamen
950 2472 1088 2530 contem-

140 2561 235 2617 nunt.
282 2553 392 2616 Utitur
418 2559 527 2616 autem
561 2555 720 2634 propheta
745 2554 921 2618 bellissima
954 2551 1085 2636 figura.²

140 2642 329 2708 Similitudo
351 2641 392 2705 de
414 2641 560 2704 adultera
582 2643 724 2706 ostendit
746 2644 861 2706 ardens
883 2643 1087 2721 desiderium,

141 2753 209 2813 quo
226 2731 326 2793 Satan
348 2730 557 2811 idolatramm
579 2732 705 2795 animos
729 2732 883 2810 accendit,
906 2753 979 2797 vere
1003 2735 1090 2797 enim

141 2822 274 2902 nullum
290 2825 431 2882 scortum
453 2820 499 2882 sic
515 2819 605 2883 ardet
626 2821 772 2897 libidine,
796 2822 880 2885 sicut
902 2823 993 2901 quia
1015 2843 1090 2887 vero

140 2912 233 2979 cultu
256 2907 480 2985 discesserunt,
504 2909 612 2971 studio
634 2909 800 2972 idolatriae
823 2911 1035 2973 cumulandae
1058 2917 1090 2974 et
1132 2926 1138 2936 ·

16 3036 17 3067 r
141 2995 382 3080 promovendae
405 2997 527 3060 ardent.

142 3109 147 3114 ·
233 3087 316 3149 Cum
338 3085 436 3165 igitur
463 3086 552 3148 nulla
575 3086 698 3150 ratione
726 3085 851 3167 possint
885 3087 1026 3150 revocari
1055 3088 1089 3150 in

141 3177 247 3251 riam,
279 3180 401 3254 quanto
431 3175 520 3237 enim
546 3181 579 3237 te
609 3175 656 3237 eis
686 3193 828 3256 oppones
856 3176 1087 3252 vehementius,

140 3271 234 3328 tanto
257 3261 422 3326 ardentius
445 3269 561 3342 urgent
583 3263 687 3326 cultus'
712 3283 795 3327 suos.
842 3263 918 3326 Ideo
948 3266 1090 3327 minatur

152 3353 235 3430 leus,
269 3371 302 3414 se
325 3352 573 3415 interclusurum
596 3353 641 3414 eis
664 3352 759 3429 uam,
784 3353 845 3415 hoc
868 3359 929 3429 est,
959 3374 1016 3434 per
1038 3373 1088 3416 ex·

285 3525 358 3579 Phil.
378 3524 420 3578 3!
456 3525 484 3592 2)
504 3526 671 3581 Idolatriam
690 3531 835 3595 comparat
852 3525 1000 3582 adulterio.

280 3686 369 3739 Deest
397 3686 428 3740 in
451 3687 513 3740 coll.
542 3687 601 3740 Ien.
640 3688 676 3741 In
704 3688 764 3741 coll.
787 3688 946 3743 Vuittemb.
971 3690 1088 3756 legitur:

238 3527 266 3594 1)

171 3687 263 3812 nl
