2575 4225
448 258 573 321 Hoseaa
597 256 782 341 prophetae.
967 234 971 243 ¹
1020 262 1081 325 261

144 436 225 499 deus
240 435 350 513 afficit,
375 434 492 501 sentiet
506 435 637 513 famem,
661 435 816 519 inopiam,
836 436 1083 519 persecutiones,

143 522 244 602 balla,
268 525 297 588 si
318 525 417 605 igitur
439 531 605 589 externam
628 524 744 587 faciem
766 525 929 602 intuearis,
954 546 1083 608 appara·

142 614 192 676 bit
221 614 347 677 coelum
370 620 402 678 et
430 619 550 677 terram
580 610 741 677 adversari
767 614 933 692 ecciesiae,
963 622 996 678 et
1018 636 1083 679 non

144 702 297 765 exaudire
324 705 399 767 vota
424 701 626 766 afflictorum.
674 702 744 766 Etsi
774 704 861 766 enim
884 723 996 767 verum
1024 712 1082 781 est,

142 790 230 871 quod
254 789 359 855 David
389 786 500 855 dicit:¹
533 790 607 857 Non
634 785 703 855 vidi
731 790 855 856 iustum
884 792 1082 870 derelictum,

142 900 202 942 neo
225 899 337 943 semen
366 878 436 943 eius
459 899 610 960 quaerere
636 899 770 963 panem,
800 886 910 944 tamen
934 881 1084 945 ecciesiae

134 967 237 1049 vpanis
253 985 326 1033 vere
348 974 397 1032 est
421 969 542 1045 ,Iehcm
564 989 616 1032 aar
630 967 767 1032 umaiim
781 968 886 1032 Iahaz‘
911 970 1004 1051 panis
1031 971 1083 1034 tri-

141 1057 318 1121 bulationis
340 1064 373 1121 et
395 1076 479 1139 aqua
497 1058 566 1122 eius
589 1076 674 1141 aqua
696 1057 890 1135 afflictionis,
915 1058 989 1122 Esa‘.
1007 1054 1079 1122 30,Ι

232 1146 304 1221 Quo
332 1146 443 1226 igitur,
471 1146 598 1228 inquis,
632 1146 799 1209 referenda
828 1154 877 1210 est
905 1147 986 1210 hace
1013 1169 1082 1229 pro-

140 1234 279 1299 missio?
324 1235 375 1297 Ad
391 1234 541 1316 spiritum
564 1235 695 1313 scilicet,
719 1234 806 1316 quod
829 1254 982 1319 oppressa
1005 1236 1082 1299 osia-

140 1324 312 1387 mitatibus
334 1323 482 1401 ecclesia,
505 1324 741 1401 habetdeum,
766 1324 823 1405 qui
846 1346 912 1389 non
935 1331 1020 1389 tacet
1041 1325 1083 1388 ad

20 1424 24 1427 ’
141 1412 297 1477 clamores
331 1432 388 1476 seu
421 1431 532 1495 preces
569 1432 717 1491 suorum
753 1412 810 1477 sad
844 1415 1017 1495 respondet
1051 1420 1084 1477 ct

140 1494 305 1565 exaudit.⁸
354 1501 442 1566 Sicut
475 1502 573 1582 igitur
607 1501 752 1566 Christus
780 1502 892 1566 Iohan.
920 1505 978 1580 16,
1009 1508 1084 1584 post

140 1591 220 1654 alias
243 1588 477 1655 consolationes
500 1592 599 1654 etiam
620 1592 706 1655 hanc
729 1590 836 1669 addit,
870 1612 964 1655 amen
988 1612 1083 1654 amen

140 1679 213 1743 dico
228 1678 331 1756 vobis,
355 1680 442 1760 quod
466 1697 677 1763 quaecunque
692 1681 877 1761 rogaveritis
900 1687 1025 1762 patrem
1048 1680 1083 1743 in

11 1848 15 1855 ι
140 1768 274 1831 nomine
300 1788 390 1845 meo,
420 1788 458 1832 ea
484 1768 576 1833 dabit
602 1769 710 1846 vobis,
741 1770 898 1833 hactenus
924 1771 1008 1833 nihi]
1035 1790 1082 1833 ro-

140 1857 241 1937 gastis
265 1856 301 1919 in
324 1857 454 1920 nomine
469 1878 552 1936 mec,
577 1862 685 1938 rogate
708 1864 741 1921 et
763 1858 935 1942 accipietis,
960 1864 997 1922 ut
1019 1858 1082 1940 pie·

138 1965 221 2009 num
251 1946 295 2008 sit
317 1945 472 2025 gaudium
494 1952 654 2023 vestrum,
685 1946 731 2011 ita
752 1949 910 2029 propheta
936 1948 991 2010 hio
1013 1968 1083 2028 pro-

139 2033 244 2098 mittit
282 2034 433 2097 ccclesiae
473 2033 571 2098 deum
616 2035 720 2119 ipsius
758 2041 832 2101 vota
869 2042 902 2099 ct
944 2037 1084 2117 gemitus

140 2124 339 2200 auditurum,
363 2123 489 2204 quisse
512 2144 586 2188 cum
610 2145 648 2187 ea
665 2124 873 2208 desponsavit
894 2125 930 2188 in
944 2124 1082 2201 iusticia,

139 2212 273 2289 iudicio,
297 2212 510 2276 beneficentia
531 2218 565 2277 et
586 2214 856 2279 miserationibus.

230 2301 283 2364 Sic
306 2296 493 2365 Zacharias⁴
518 2303 694 2384 promittit,
725 2303 875 2386 spiritum
905 2302 1023 2383 gratiae
1051 2307 1084 2364 et

113 2400 284 2473 precum.
331 2389 475 2453 Ecclesia
497 2391 585 2454 enim
613 2391 686 2456 fidit
713 2390 949 2456 misericordiae
972 2389 1082 2453 dei'in

140 2479 269 2542 Christo
297 2483 459 2556 ostensae,
489 2486 522 2542 ct
550 2479 623 2543 ideo
652 2481 687 2542 in
714 2481 864 2561 periculis
894 2499 968 2542 cum
997 2485 1083 2540 certa

139 2587 197 2648 spe
221 2565 336 2630 salutis
359 2561 506 2632 clamat¹⁵
554 2565 653 2632 Videt
675 2567 763 2631 enim
777 2567 885 2644 deum,
909 2573 1082 2650 postquam

139 2656 245 2720 filium
269 2675 366 2718 suum
388 2656 483 2719 nobis
505 2655 604 2734 dedit,
628 2676 695 2720 una
717 2655 843 2721 dedisse
866 2657 977 2720 omnia
1000 2675 1082 2737 quae

138 2745 249 2822 habet,
274 2751 372 2825 atque
393 2745 448 2808 hic
469 2744 559 2809 vides
582 2744 744 2826 insignem
765 2748 880 2823 lucem,
905 2765 1004 2827 quam
1027 2765 1081 2808 no·

138 2853 219 2898 vum
245 2839 477 2896 testamentum
503 2833 545 2896 ad
580 2835 811 2916 prophetarum
838 2835 965 2898 oracula
998 2839 1082 2897 recte

140 2921 352 3002 intelligenda
377 2920 478 2984 affert.
525 2922 738 3003 Evangeiium
757 2924 845 2986 enim
868 2941 998 2985 causam
1027 2922 1082 2984 de·

144 3011 360 3092 ‘ponsationis
388 3015 421 3071 ct
443 3011 660 3074 exauditionis
683 3012 765 3074 clare
792 3011 947 3086 ostendit,
979 3009 1082 3072 filium

140 3097 210 3176 dei,
233 3104 484 3180 propterquam
507 3119 620 3162 sumus
643 3101 679 3163 in
701 3099 803 3180 gratia
825 3103 858 3163 et
880 3097 1080 3174 exaudimur,

140 3187 197 3248 scd
220 3187 397 3268 prophetae
418 3185 504 3250 hanc
527 3207 659 3252 causam
682 3189 804 3252 occulte
827 3187 1020 3251 indicarunt.

231 3445 259 3515 1)
277 3441 352 3501 Psal.
365 3447 408 3503 37.
445 3448 474 3518 2)
491 3449 557 3504 Esa.
570 3449 614 3504 30.
652 3449 681 3519 3)
700 3451 778 3506 Deus
790 3450 940 3506 ecclesiam
952 3452 1081 3504 orantem

153 3516 268 3587 mandit,
287 3518 388 3573 Iohau.
408 3520 451 3573 16.
487 3520 517 3590 4)
536 3521 637 3576 Zacha.
658 3521 717 3575 21!
753 3521 781 3592 5)
801 3523 920 3577 Roman.
940 3521 965 3573 8.

1000 3649 1081 3658 ...—

230 3728 256 3799 ‘)
274 3730 311 3785 In
329 3732 390 3786 coll.
410 3731 509 3788 Vuitt:
536 3733 620 3788 Zach.
639 3733 665 3788 2.
