<?xml version="1.0" encoding="UTF-8"?>
<!DOCTYPE html PUBLIC "-//W3C//DTD XHTML 1.0 Transitional//EN"
    "http://www.w3.org/TR/xhtml1/DTD/xhtml1-transitional.dtd">
<html xmlns="http://www.w3.org/1999/xhtml" xml:lang="en" lang="en">
 <head>
  <title>
</title>
<meta http-equiv="Content-Type" content="text/html;charset=utf-8" />
  <meta name='ocr-system' content='tesseract 3.04.00' />
  <meta name='ocr-capabilities' content='ocr_page ocr_carea ocr_par ocr_line ocrx_word'/>
</head>
<body>
  <div class='ocr_page' id='page_1' title='image "./exegeticaoperal13luthgoog_0140.png"; bbox 0 0 2575 4225; ppageno 0'>
   <div class='ocr_carea' id='block_1_1' title="bbox 448 310 1070 400">
    <p class='ocr_par' dir='ltr' id='par_1_1' title="bbox 448 310 1070 400">
     <span class='ocr_line' id='line_1_1' title="bbox 448 310 1070 400; baseline 0.003 -27"><span class='ocrx_word' id='word_1_1' title='bbox 448 311 547 373; x_wconf 83' lang='lat' dir='ltr'>Oeeae</span> <span class='ocrx_word' id='word_1_2' title='bbox 570 310 754 393; x_wconf 81' lang='lat' dir='ltr'>prophetae.</span> <span class='ocrx_word' id='word_1_3' title='bbox 786 393 788 400; x_wconf 43' lang='lat'>,</span> <span class='ocrx_word' id='word_1_4' title='bbox 1008 314 1070 376; x_wconf 77' lang='lat'>129</span> 
     </span>
    </p>
   </div>
   <div class='ocr_carea' id='block_1_2' title="bbox 125 487 1070 782">
    <p class='ocr_par' dir='ltr' id='par_1_2' title="bbox 125 487 1070 782">
     <span class='ocr_line' id='line_1_2' title="bbox 125 487 1070 572; baseline 0.001 -18"><span class='ocrx_word' id='word_1_5' title='bbox 125 493 245 566; x_wconf 88' lang='lat' dir='ltr'>bomo,</span> <span class='ocrx_word' id='word_1_6' title='bbox 282 488 339 552; x_wconf 87' lang='lat' dir='ltr'>eed</span> <span class='ocrx_word' id='word_1_7' title='bbox 361 487 497 570; x_wconf 82' lang='lat' dir='ltr'>puniam</span> <span class='ocrx_word' id='word_1_8' title='bbox 523 494 561 551; x_wconf 92' lang='lat' dir='ltr'>ut</span> <span class='ocrx_word' id='word_1_9' title='bbox 583 487 679 565; x_wconf 76' lang='lat' dir='ltr'>deut,</span> <span class='ocrx_word' id='word_1_10' title='bbox 712 487 803 551; x_wconf 86' lang='lat' dir='ltr'>cuius</span> <span class='ocrx_word' id='word_1_11' title='bbox 831 489 975 554; x_wconf 83' lang='lat' dir='ltr'>misereri</span> <span class='ocrx_word' id='word_1_12' title='bbox 1002 510 1070 572; x_wconf 86' lang='lat' dir='ltr'>pro·</span> 
     </span>
     <span class='ocr_line' id='line_1_3' title="bbox 127 580 322 661; baseline -0.01 -19"><span class='ocrx_word' id='word_1_13' title='bbox 127 580 239 661; x_wconf 90' lang='lat' dir='ltr'>prium</span> <span class='ocrx_word' id='word_1_14' title='bbox 262 584 322 642; x_wconf 79' lang='lat' dir='ltr'>eat.</span> 
     </span>
     <span class='ocr_line' id='line_1_4' title="bbox 421 701 797 782; baseline 0.003 -18"><span class='ocrx_word' id='word_1_15' title='bbox 421 701 485 776; x_wconf 79' lang='lat' dir='ltr'>Qui</span> <span class='ocrx_word' id='word_1_16' title='bbox 507 702 591 766; x_wconf 86' lang='lat' dir='ltr'>eicut</span> <span class='ocrx_word' id='word_1_17' title='bbox 612 701 663 764; x_wconf 90' lang='lat' dir='ltr'>lec</span> <span class='ocrx_word' id='word_1_18' title='bbox 685 701 797 782; x_wconf 81' lang='lat' dir='ltr'>rugiet.</span> 
     </span>
    </p>
   </div>
   <div class='ocr_carea' id='block_1_3' title="bbox 127 808 1071 981">
    <p class='ocr_par' dir='ltr' id='par_1_3' title="bbox 127 808 1071 981">
     <span class='ocr_line' id='line_1_5' title="bbox 127 808 1069 919; baseline 0.001 -46"><span class='ocrx_word' id='word_1_19' title='bbox 127 808 229 919; x_wconf 60' lang='lat' dir='ltr'>Terre</span> <span class='ocrx_word' id='word_1_20' title='bbox 251 811 411 892; x_wconf 83' lang='lat' dir='ltr'>scriptura</span> <span class='ocrx_word' id='word_1_21' title='bbox 432 808 575 889; x_wconf 90' lang='lat' dir='ltr'>rugitum</span> <span class='ocrx_word' id='word_1_22' title='bbox 597 808 699 871; x_wconf 83' lang='lat' dir='ltr'>leonis</span> <span class='ocrx_word' id='word_1_23' title='bbox 714 810 787 873; x_wconf 87' lang='lat' dir='ltr'>voci</span> <span class='ocrx_word' id='word_1_24' title='bbox 801 809 969 914; x_wconf 55' lang='lat' dir='ltr'>bivangelii</span> <span class='ocrx_word' id='word_1_25' title='bbox 988 829 1069 874; x_wconf 88' lang='lat' dir='ltr'>com-</span> 
     </span>
     <span class='ocr_line' id='line_1_6' title="bbox 183 893 1071 981; baseline 0 -19"><span class='ocrx_word' id='word_1_26' title='bbox 183 905 287 981; x_wconf 86' lang='lat' dir='ltr'>parat.</span> <span class='ocrx_word' id='word_1_27' title='bbox 333 899 385 960; x_wconf 84' lang='lat' dir='ltr'>Ita</span> <span class='ocrx_word' id='word_1_28' title='bbox 413 903 463 960; x_wconf 85' lang='lat' dir='ltr'>cet</span> <span class='ocrx_word' id='word_1_29' title='bbox 491 893 630 960; x_wconf 86' lang='lat' dir='ltr'>Am0e¹:</span> <span class='ocrx_word' id='word_1_30' title='bbox 658 897 724 960; x_wconf 91' lang='lat' dir='ltr'>Leo</span> <span class='ocrx_word' id='word_1_31' title='bbox 753 903 874 978; x_wconf 75' lang='lat' dir='ltr'>rugiet,</span> <span class='ocrx_word' id='word_1_32' title='bbox 905 917 977 978; x_wconf 80' lang='lat' dir='ltr'>qure</span> <span class='ocrx_word' id='word_1_33' title='bbox 1005 919 1071 963; x_wconf 90' lang='lat' dir='ltr'>non</span> 
     </span>
    </p>
   </div>
   <div class='ocr_carea' id='block_1_4' title="bbox 3 986 1073 1431">
    <p class='ocr_par' dir='ltr' id='par_1_4' title="bbox 3 986 1073 1431">
     <span class='ocr_line' id='line_1_7' title="bbox 4 986 1069 1068; baseline 0.002 -18"><span class='ocrx_word' id='word_1_34' title='bbox 4 1035 5 1038; x_wconf 21' lang='lat'>¹</span> <span class='ocrx_word' id='word_1_35' title='bbox 130 988 282 1051; x_wconf 75' lang='lat' dir='ltr'><strong>timebit?</strong></span> <span class='ocrx_word' id='word_1_36' title='bbox 312 988 376 1050; x_wconf 88' lang='lat' dir='ltr'>Leo</span> <span class='ocrx_word' id='word_1_37' title='bbox 399 1006 473 1066; x_wconf 87' lang='lat' dir='ltr'>ergo</span> <span class='ocrx_word' id='word_1_38' title='bbox 495 986 548 1048; x_wconf 85' lang='lat' dir='ltr'>ille</span> <span class='ocrx_word' id='word_1_39' title='bbox 572 987 630 1066; x_wconf 91' lang='lat' dir='ltr'>qui</span> <span class='ocrx_word' id='word_1_40' title='bbox 652 986 766 1066; x_wconf 79' lang='lat' dir='ltr'>rugiet,</span> <span class='ocrx_word' id='word_1_41' title='bbox 790 1007 848 1068; x_wconf 89' lang='lat' dir='ltr'>pro</span> <span class='ocrx_word' id='word_1_42' title='bbox 863 987 977 1051; x_wconf 82' lang='lat' dir='ltr'>catulis</span> <span class='ocrx_word' id='word_1_43' title='bbox 993 989 1069 1066; x_wconf 87' lang='lat' dir='ltr'>euie,</span> 
     </span>
     <span class='ocr_line' id='line_1_8' title="bbox 3 1075 1071 1158; baseline 0.007 -25"><span class='ocrx_word' id='word_1_44' title='bbox 3 1115 5 1133; x_wconf 72' lang='grc'><strong>,</strong></span> <span class='ocrx_word' id='word_1_45' title='bbox 131 1098 190 1158; x_wconf 88' lang='lat' dir='ltr'>pro</span> <span class='ocrx_word' id='word_1_46' title='bbox 212 1077 288 1139; x_wconf 79' lang='lat' dir='ltr'>filiis</span> <span class='ocrx_word' id='word_1_47' title='bbox 312 1076 379 1139; x_wconf 83' lang='lat' dir='ltr'>auia</span> <span class='ocrx_word' id='word_1_48' title='bbox 401 1095 442 1137; x_wconf 85' lang='lat' dir='ltr'>ex</span> <span class='ocrx_word' id='word_1_49' title='bbox 464 1075 552 1139; x_wconf 90' lang='lat' dir='ltr'>tribu</span> <span class='ocrx_word' id='word_1_50' title='bbox 572 1075 664 1137; x_wconf 91' lang='lat' dir='ltr'>Iuda.</span> <span class='ocrx_word' id='word_1_51' title='bbox 710 1075 828 1155; x_wconf 88' lang='lat' dir='ltr'>Rugiet</span> <span class='ocrx_word' id='word_1_52' title='bbox 850 1096 923 1156; x_wconf 88' lang='lat' dir='ltr'>ergo</span> <span class='ocrx_word' id='word_1_53' title='bbox 945 1077 1000 1139; x_wconf 93' lang='lat' dir='ltr'>hic</span> <span class='ocrx_word' id='word_1_54' title='bbox 1021 1077 1071 1140; x_wconf 88' lang='lat' dir='ltr'>leo</span> 
     </span>
     <span class='ocr_line' id='line_1_9' title="bbox 5 1163 1069 1250; baseline 0.001 -23"><span class='ocrx_word' id='word_1_55' title='bbox 5 1227 11 1234; x_wconf 77' lang='grc'><em>,</em></span> <span class='ocrx_word' id='word_1_56' title='bbox 130 1167 169 1227; x_wconf 89' lang='lat' dir='ltr'>in</span> <span class='ocrx_word' id='word_1_57' title='bbox 190 1185 305 1228; x_wconf 81' lang='lat' dir='ltr'>omnes</span> <span class='ocrx_word' id='word_1_58' title='bbox 327 1165 445 1245; x_wconf 83' lang='lat' dir='ltr'>impios</span> <span class='ocrx_word' id='word_1_59' title='bbox 475 1170 508 1227; x_wconf 89' lang='lat' dir='ltr'>et</span> <span class='ocrx_word' id='word_1_60' title='bbox 530 1163 593 1226; x_wconf 86' lang='lat' dir='ltr'>eibi</span> <span class='ocrx_word' id='word_1_61' title='bbox 617 1163 821 1250; x_wconf 16' lang='lat' dir='ltr'>‘resistentem</span> <span class='ocrx_word' id='word_1_62' title='bbox 853 1164 932 1227; x_wconf 87' lang='lat' dir='ltr'>adeo</span> <span class='ocrx_word' id='word_1_63' title='bbox 962 1166 1069 1243; x_wconf 87' lang='lat' dir='ltr'>etiam,</span> 
     </span>
     <span class='ocr_line' id='line_1_10' title="bbox 3 1238 1073 1335; baseline 0.002 -19"><span class='ocrx_word' id='word_1_64' title='bbox 3 1238 5 1281; x_wconf 66' lang='lat'>⁵</span> <span class='ocrx_word' id='word_1_65' title='bbox 131 1261 170 1316; x_wconf 87' lang='lat' dir='ltr'>ut</span> <span class='ocrx_word' id='word_1_66' title='bbox 192 1255 304 1316; x_wconf 86' lang='lat' dir='ltr'>omnia</span> <span class='ocrx_word' id='word_1_67' title='bbox 327 1253 398 1316; x_wconf 88' lang='lat' dir='ltr'>dira</span> <span class='ocrx_word' id='word_1_68' title='bbox 420 1253 580 1335; x_wconf 78' lang='lat' dir='ltr'>supplicia</span> <span class='ocrx_word' id='word_1_69' title='bbox 598 1253 679 1334; x_wconf 83' lang='lat' dir='ltr'>ipsis</span> <span class='ocrx_word' id='word_1_70' title='bbox 694 1254 844 1329; x_wconf 79' lang='lat' dir='ltr'>minetur,</span> <span class='ocrx_word' id='word_1_71' title='bbox 868 1253 933 1317; x_wconf 79' lang='lat' dir='ltr'>nisi</span> <span class='ocrx_word' id='word_1_72' title='bbox 948 1262 1073 1318; x_wconf 79' lang='lat' dir='ltr'>cessent</span> 
     </span>
     <span class='ocr_line' id='line_1_11' title="bbox 3 1343 377 1431; baseline -0.008 -25"><span class='ocrx_word' id='word_1_73' title='bbox 3 1402 5 1431; x_wconf 14' lang='grc' dir='ltr'><strong><em>ἦ</em></strong></span> <span class='ocrx_word' id='word_1_74' title='bbox 131 1343 197 1406; x_wconf 84' lang='lat' dir='ltr'>eibi</span> <span class='ocrx_word' id='word_1_75' title='bbox 221 1343 377 1411; x_wconf 83' lang='lat' dir='ltr'>resistere.</span> 
     </span>
    </p>
   </div>
   <div class='ocr_carea' id='block_1_5' title="bbox 364 1485 846 1566">
    <p class='ocr_par' dir='ltr' id='par_1_5' title="bbox 364 1485 846 1566">
     <span class='ocr_line' id='line_1_12' title="bbox 364 1485 846 1566; baseline 0 -20"><span class='ocrx_word' id='word_1_76' title='bbox 364 1485 407 1548; x_wconf 77' lang='lat' dir='ltr'>let</span> <span class='ocrx_word' id='word_1_77' title='bbox 430 1485 604 1548; x_wconf 85' lang='lat' dir='ltr'>avolabunt</span> <span class='ocrx_word' id='word_1_78' title='bbox 626 1504 668 1547; x_wconf 86' lang='lat' dir='ltr'>ex</span> <span class='ocrx_word' id='word_1_79' title='bbox 690 1485 846 1566; x_wconf 85' lang='lat' dir='ltr'>Aegypto.</span> 
     </span>
    </p>
   </div>
   <div class='ocr_carea' id='block_1_6' title="bbox 132 1589 1075 1762">
    <p class='ocr_par' dir='ltr' id='par_1_6' title="bbox 132 1589 1075 1762">
     <span class='ocr_line' id='line_1_13' title="bbox 132 1589 1074 1701; baseline -0.002 -44"><span class='ocrx_word' id='word_1_80' title='bbox 132 1589 211 1701; x_wconf 76' lang='lat' dir='ltr'>Per</span> <span class='ocrx_word' id='word_1_81' title='bbox 239 1591 407 1693; x_wconf 79' lang='lat' dir='ltr'>Assyriam</span> <span class='ocrx_word' id='word_1_82' title='bbox 429 1597 462 1654; x_wconf 84' lang='lat' dir='ltr'>et</span> <span class='ocrx_word' id='word_1_83' title='bbox 476 1593 661 1694; x_wconf 83' lang='lat' dir='ltr'>Aegyptum</span> <span class='ocrx_word' id='word_1_84' title='bbox 683 1592 834 1672; x_wconf 74' lang='lat' dir='ltr'>intelligit</span> <span class='ocrx_word' id='word_1_85' title='bbox 848 1598 969 1695; x_wconf 77' lang='lat' dir='ltr'>genten,</span> <span class='ocrx_word' id='word_1_86' title='bbox 994 1613 1074 1695; x_wconf 73' lang='lat' dir='ltr'>quae</span> 
     </span>
     <span class='ocr_line' id='line_1_14' title="bbox 186 1680 1075 1762; baseline 0 -19"><span class='ocrx_word' id='word_1_87' title='bbox 186 1681 229 1743; x_wconf 87' lang='lat' dir='ltr'>ad</span> <span class='ocrx_word' id='word_1_88' title='bbox 245 1680 459 1760; x_wconf 82' lang='lat' dir='ltr'>Evangehum</span> <span class='ocrx_word' id='word_1_89' title='bbox 482 1681 618 1758; x_wconf 79' lang='lat' dir='ltr'>vocabit,</span> <span class='ocrx_word' id='word_1_90' title='bbox 642 1700 709 1743; x_wconf 90' lang='lat' dir='ltr'>una</span> <span class='ocrx_word' id='word_1_91' title='bbox 729 1701 804 1743; x_wconf 88' lang='lat' dir='ltr'>cum</span> <span class='ocrx_word' id='word_1_92' title='bbox 819 1681 957 1758; x_wconf 79' lang='lat' dir='ltr'>Iudaeis,</span> <span class='ocrx_word' id='word_1_93' title='bbox 982 1701 1075 1762; x_wconf 82' lang='lat' dir='ltr'>quae1</span> 
     </span>
    </p>
   </div>
   <div class='ocr_carea' id='block_1_7' title="bbox 3 1767 1073 1940">
    <p class='ocr_par' dir='ltr' id='par_1_7' title="bbox 3 1767 1073 1940">
     <span class='ocr_line' id='line_1_15' title="bbox 3 1767 1073 1850; baseline -0.002 -15"><span class='ocrx_word' id='word_1_94' title='bbox 3 1767 7 1835; x_wconf 68' lang='grc' dir='ltr'>ε’</span> <span class='ocrx_word' id='word_1_95' title='bbox 132 1769 272 1834; x_wconf 82' lang='lat' dir='ltr'>diceret:</span> <span class='ocrx_word' id='word_1_96' title='bbox 295 1768 367 1832; x_wconf 88' lang='lat' dir='ltr'>Non</span> <span class='ocrx_word' id='word_1_97' title='bbox 382 1791 439 1833; x_wconf 83' lang='lat' dir='ltr'>voe</span> <span class='ocrx_word' id='word_1_98' title='bbox 455 1771 569 1846; x_wconf 85' lang='lat' dir='ltr'>solum,</span> <span class='ocrx_word' id='word_1_99' title='bbox 584 1789 698 1833; x_wconf 85' lang='lat' dir='ltr'>verum</span> <span class='ocrx_word' id='word_1_100' title='bbox 710 1769 808 1832; x_wconf 88' lang='lat' dir='ltr'>etiam</span> <span class='ocrx_word' id='word_1_101' title='bbox 820 1775 931 1849; x_wconf 83' lang='lat' dir='ltr'>gentes</span> <span class='ocrx_word' id='word_1_102' title='bbox 943 1789 1073 1850; x_wconf 83' lang='lat' dir='ltr'>sequen·</span> 
     </span>
     <span class='ocr_line' id='line_1_16' title="bbox 3 1852 1073 1940; baseline -0.002 -18"><span class='ocrx_word' id='word_1_103' title='bbox 3 1852 5 1915; x_wconf 72' lang='lat' dir='ltr'>i</span> <span class='ocrx_word' id='word_1_104' title='bbox 132 1865 188 1921; x_wconf 87' lang='lat' dir='ltr'>tur</span> <span class='ocrx_word' id='word_1_105' title='bbox 217 1858 436 1938; x_wconf 82' lang='lat' dir='ltr'>evangelium,</span> <span class='ocrx_word' id='word_1_106' title='bbox 469 1859 530 1922; x_wconf 89' lang='lat' dir='ltr'>erit</span> <span class='ocrx_word' id='word_1_107' title='bbox 555 1879 640 1921; x_wconf 86' lang='lat' dir='ltr'>unue</span> <span class='ocrx_word' id='word_1_108' title='bbox 662 1863 774 1940; x_wconf 77' lang='lat' dir='ltr'>pastor</span> <span class='ocrx_word' id='word_1_109' title='bbox 796 1864 829 1921; x_wconf 89' lang='lat' dir='ltr'>et</span> <span class='ocrx_word' id='word_1_110' title='bbox 856 1878 959 1920; x_wconf 91' lang='lat' dir='ltr'>unum</span> <span class='ocrx_word' id='word_1_111' title='bbox 983 1858 1073 1922; x_wconf 86' lang='lat' dir='ltr'>ovile.</span> 
     </span>
    </p>
   </div>
   <div class='ocr_carea' id='block_1_8' title="bbox 132 1981 1078 2384">
    <p class='ocr_par' dir='ltr' id='par_1_8' title="bbox 132 1981 1078 2384">
     <span class='ocr_line' id='line_1_17' title="bbox 341 1981 766 2082; baseline 0 -2"><span class='ocrx_word' id='word_1_112' title='bbox 341 1988 345 1993; x_wconf 31' lang='lat'>&lt;</span> <span class='ocrx_word' id='word_1_113' title='bbox 405 2005 410 2016; x_wconf 76' lang='lat'>&#39;</span> <span class='ocrx_word' id='word_1_114' title='bbox 439 2019 480 2080; x_wconf 92' lang='lat' dir='ltr'>In</span> <span class='ocrx_word' id='word_1_115' title='bbox 500 2003 654 2082; x_wconf 82' lang='lat' dir='ltr'>domibus</span> <span class='ocrx_word' id='word_1_116' title='bbox 677 1981 766 2080; x_wconf 25' lang='lat' dir='ltr'>suia.-</span> 
     </span>
     <span class='ocr_line' id='line_1_18' title="bbox 133 2122 1078 2234; baseline 0 -45"><span class='ocrx_word' id='word_1_117' title='bbox 133 2123 182 2234; x_wconf 81' lang='lat' dir='ltr'>In</span> <span class='ocrx_word' id='word_1_118' title='bbox 213 2149 278 2228; x_wconf 70' lang='lat' dir='ltr'>ner,</span> <span class='ocrx_word' id='word_1_119' title='bbox 309 2122 421 2227; x_wconf 66' lang='lat' dir='ltr'>Subit</span> <span class='ocrx_word' id='word_1_120' title='bbox 442 2122 523 2205; x_wconf 69' lang='grc'>1111111</span> <span class='ocrx_word' id='word_1_121' title='bbox 545 2125 582 2190; x_wconf 82' lang='lat' dir='ltr'>bu</span> <span class='ocrx_word' id='word_1_122' title='bbox 603 2125 640 2208; x_wconf 72' lang='lat' dir='ltr'>ste</span> <span class='ocrx_word' id='word_1_123' title='bbox 662 2122 795 2203; x_wconf 72' lang='lat' dir='ltr'>blittetb,</span> <span class='ocrx_word' id='word_1_124' title='bbox 819 2144 885 2187; x_wconf 91' lang='lat' dir='ltr'>non</span> <span class='ocrx_word' id='word_1_125' title='bbox 910 2144 990 2205; x_wconf 82' lang='lat' dir='ltr'>quae</span> <span class='ocrx_word' id='word_1_126' title='bbox 1013 2127 1078 2207; x_wconf 86' lang='lat' dir='ltr'>ipei</span> 
     </span>
     <span class='ocr_line' id='line_1_19' title="bbox 176 2212 1074 2296; baseline 0.001 -18"><span class='ocrx_word' id='word_1_127' title='bbox 176 2215 415 2278; x_wconf 73' lang='lat' dir='ltr'>aedificavennt</span> <span class='ocrx_word' id='word_1_128' title='bbox 437 2219 493 2277; x_wconf 85' lang='lat' dir='ltr'>eut</span> <span class='ocrx_word' id='word_1_129' title='bbox 515 2214 696 2294; x_wconf 86' lang='lat' dir='ltr'>abegerent,</span> <span class='ocrx_word' id='word_1_130' title='bbox 721 2212 778 2277; x_wconf 84' lang='lat' dir='ltr'>sed</span> <span class='ocrx_word' id='word_1_131' title='bbox 801 2233 881 2294; x_wconf 79' lang='lat' dir='ltr'>quas</span> <span class='ocrx_word' id='word_1_132' title='bbox 906 2234 964 2296; x_wconf 90' lang='lat' dir='ltr'>ego</span> <span class='ocrx_word' id='word_1_133' title='bbox 980 2215 1074 2293; x_wconf 82' lang='lat' dir='ltr'>dabn,</span> 
     </span>
     <span class='ocr_line' id='line_1_20' title="bbox 132 2302 923 2384; baseline 0 -17"><span class='ocrx_word' id='word_1_134' title='bbox 132 2304 172 2367; x_wconf 93' lang='lat' dir='ltr'>id</span> <span class='ocrx_word' id='word_1_135' title='bbox 194 2310 252 2379; x_wconf 85' lang='lat' dir='ltr'>eet,</span> <span class='ocrx_word' id='word_1_136' title='bbox 278 2302 445 2367; x_wconf 80' lang='lat' dir='ltr'>ecclesiam</span> <span class='ocrx_word' id='word_1_137' title='bbox 468 2304 521 2367; x_wconf 86' lang='lat' dir='ltr'>cui</span> <span class='ocrx_word' id='word_1_138' title='bbox 543 2323 602 2384; x_wconf 89' lang='lat' dir='ltr'>ego</span> <span class='ocrx_word' id='word_1_139' title='bbox 626 2323 700 2367; x_wconf 86' lang='lat' dir='ltr'>mea</span> <span class='ocrx_word' id='word_1_140' title='bbox 722 2302 808 2366; x_wconf 88' lang='lat' dir='ltr'>dona</span> <span class='ocrx_word' id='word_1_141' title='bbox 830 2302 923 2367; x_wconf 89' lang='lat' dir='ltr'>dabo.</span> 
     </span>
    </p>
   </div>
   <div class='ocr_carea' id='block_1_9' title="bbox 478 2493 734 2563">
    <p class='ocr_par' dir='ltr' id='par_1_9' title="bbox 478 2493 734 2563">
     <span class='ocr_line' id='line_1_21' title="bbox 478 2493 734 2563; baseline -0.012 -1"><span class='ocrx_word' id='word_1_142' title='bbox 478 2493 623 2563; x_wconf 71' lang='lat' dir='ltr'>amu</span> <span class='ocrx_word' id='word_1_143' title='bbox 647 2494 734 2561; x_wconf 81' lang='grc' dir='ltr'>ΧΠ.</span> 
     </span>
    </p>
   </div>
   <div class='ocr_carea' id='block_1_10' title="bbox 3 2620 1079 3042">
    <p class='ocr_par' dir='ltr' id='par_1_10' title="bbox 135 2620 1077 2735">
     <span class='ocr_line' id='line_1_22' title="bbox 135 2620 1077 2735; baseline 0 -48"><span class='ocrx_word' id='word_1_144' title='bbox 135 2620 333 2735; x_wconf 70' lang='lat' dir='ltr'>Garrrvium</span> <span class='ocrx_word' id='word_1_145' title='bbox 358 2625 409 2686; x_wconf 83' lang='lat'>12.</span> <span class='ocrx_word' id='word_1_146' title='bbox 432 2624 563 2705; x_wconf 82' lang='lat' dir='ltr'>incipit,</span> <span class='ocrx_word' id='word_1_147' title='bbox 595 2622 814 2686; x_wconf 69' lang='lat' dir='ltr'>circumdedit</span> <span class='ocrx_word' id='word_1_148' title='bbox 834 2643 887 2685; x_wconf 93' lang='lat' dir='ltr'>me</span> <span class='ocrx_word' id='word_1_149' title='bbox 911 2622 1077 2704; x_wconf 84' lang='lat' dir='ltr'>Ephraim,</span> 
     </span>
    </p>

    <p class='ocr_par' dir='ltr' id='par_1_11' title="bbox 3 2712 1079 3042">
     <span class='ocr_line' id='line_1_23' title="bbox 191 2712 1079 2795; baseline -0.002 -17"><span class='ocrx_word' id='word_1_150' title='bbox 191 2714 281 2795; x_wconf 91' lang='lat' dir='ltr'>quod</span> <span class='ocrx_word' id='word_1_151' title='bbox 314 2712 361 2775; x_wconf 87' lang='lat' dir='ltr'>ibi</span> <span class='ocrx_word' id='word_1_152' title='bbox 394 2732 496 2775; x_wconf 84' lang='lat' dir='ltr'>novus</span> <span class='ocrx_word' id='word_1_153' title='bbox 530 2732 634 2776; x_wconf 80' lang='lat' dir='ltr'>senno</span> <span class='ocrx_word' id='word_1_154' title='bbox 669 2712 818 2793; x_wconf 85' lang='lat' dir='ltr'>incipiat,</span> <span class='ocrx_word' id='word_1_155' title='bbox 859 2712 956 2775; x_wconf 87' lang='lat' dir='ltr'>etiam</span> <span class='ocrx_word' id='word_1_156' title='bbox 973 2715 976 2721; x_wconf 85' lang='lat'>&#39;</span> <span class='ocrx_word' id='word_1_157' title='bbox 991 2713 1079 2792; x_wconf 90' lang='lat' dir='ltr'>quod</span> 
     </span>
     <span class='ocr_line' id='line_1_24' title="bbox 3 2801 1078 2883; baseline -0.001 -18"><span class='ocrx_word' id='word_1_158' title='bbox 3 2813 5 2880; x_wconf 77' lang='grc' dir='ltr'>ξ</span> <span class='ocrx_word' id='word_1_159' title='bbox 137 2802 259 2865; x_wconf 88' lang='lat' dir='ltr'>deinde</span> <span class='ocrx_word' id='word_1_160' title='bbox 284 2806 458 2883; x_wconf 79' lang='lat' dir='ltr'>perpetuus</span> <span class='ocrx_word' id='word_1_161' title='bbox 486 2802 544 2876; x_wconf 84' lang='lat' dir='ltr'>sit,</span> <span class='ocrx_word' id='word_1_162' title='bbox 576 2808 609 2864; x_wconf 87' lang='lat' dir='ltr'>et</span> <span class='ocrx_word' id='word_1_163' title='bbox 636 2802 693 2881; x_wconf 92' lang='lat' dir='ltr'>qui</span> <span class='ocrx_word' id='word_1_164' title='bbox 716 2801 856 2883; x_wconf 82' lang='lat' dir='ltr'>separari</span> <span class='ocrx_word' id='word_1_165' title='bbox 879 2822 944 2864; x_wconf 89' lang='lat' dir='ltr'>non</span> <span class='ocrx_word' id='word_1_166' title='bbox 967 2802 1078 2882; x_wconf 80' lang='lat' dir='ltr'>possit.</span> 
     </span>
     <span class='ocr_line' id='line_1_25' title="bbox 136 2890 1076 2971; baseline -0.002 -19.248"><span class='ocrx_word' id='word_1_167' title='bbox 136 2892 298 2955; x_wconf 84' lang='lat' dir='ltr'>Provocat</span> <span class='ocrx_word' id='word_1_168' title='bbox 309 2890 465 2970; x_wconf 78' lang='lat' dir='ltr'>Ephraim</span> <span class='ocrx_word' id='word_1_169' title='bbox 481 2890 523 2952; x_wconf 90' lang='lat' dir='ltr'>ad</span> <span class='ocrx_word' id='word_1_170' title='bbox 537 2890 770 2971; x_wconf 88' lang='lat' dir='ltr'>poenitentiam</span> <span class='ocrx_word' id='word_1_171' title='bbox 782 2890 950 2953; x_wconf 87' lang='lat' dir='ltr'>collatione</span> <span class='ocrx_word' id='word_1_172' title='bbox 962 2890 1076 2952; x_wconf 89' lang='lat' dir='ltr'>Iudae:</span> 
     </span>
     <span class='ocr_line' id='line_1_26' title="bbox 137 2978 1078 3042; baseline -0.003 0"><span class='ocrx_word' id='word_1_173' title='bbox 137 3000 219 3042; x_wconf 87' lang='lat' dir='ltr'>nam</span> <span class='ocrx_word' id='word_1_174' title='bbox 242 2980 297 3042; x_wconf 89' lang='lat' dir='ltr'>ille</span> <span class='ocrx_word' id='word_1_175' title='bbox 321 2980 427 3042; x_wconf 86' lang='lat' dir='ltr'>adhuc</span> <span class='ocrx_word' id='word_1_176' title='bbox 449 2985 643 3042; x_wconf 79' lang='lat' dir='ltr'>sanuserat.</span> <span class='ocrx_word' id='word_1_177' title='bbox 679 2979 769 3040; x_wconf 52' lang='lat' dir='ltr'>‘Erat</span> <span class='ocrx_word' id='word_1_178' title='bbox 791 2978 845 3041; x_wconf 87' lang='lat' dir='ltr'>eni</span> <span class='ocrx_word' id='word_1_179' title='bbox 867 2984 980 3040; x_wconf 89' lang='lat' dir='ltr'>mtunc</span> <span class='ocrx_word' id='word_1_180' title='bbox 1002 2984 1078 3040; x_wconf 89' lang='lat' dir='ltr'>tem-</span> 
     </span>
    </p>
   </div>
   <div class='ocr_carea' id='block_1_11' title="bbox 138 3065 1080 3233">
    <p class='ocr_par' dir='ltr' id='par_1_12' title="bbox 138 3065 1080 3233">
     <span class='ocr_line' id='line_1_27' title="bbox 138 3065 1080 3151; baseline -0.001 -20"><span class='ocrx_word' id='word_1_181' title='bbox 138 3069 229 3151; x_wconf 77' lang='lat' dir='ltr'>poris</span> <span class='ocrx_word' id='word_1_182' title='bbox 259 3070 311 3147; x_wconf 92' lang='lat' dir='ltr'>(ut</span> <span class='ocrx_word' id='word_1_183' title='bbox 341 3068 469 3149; x_wconf 88' lang='lat' dir='ltr'>opinor)</span> <span class='ocrx_word' id='word_1_184' title='bbox 492 3068 551 3130; x_wconf 86' lang='lat' dir='ltr'>eub</span> <span class='ocrx_word' id='word_1_185' title='bbox 574 3088 647 3148; x_wconf 90' lang='lat' dir='ltr'>rege</span> <span class='ocrx_word' id='word_1_186' title='bbox 670 3066 822 3143; x_wconf 81' lang='lat' dir='ltr'>Ezechia,</span> <span class='ocrx_word' id='word_1_187' title='bbox 847 3068 904 3146; x_wconf 88' lang='lat' dir='ltr'>qui</span> <span class='ocrx_word' id='word_1_188' title='bbox 926 3065 1080 3147; x_wconf 76' lang='lat' dir='ltr'>regnabat</span> 
     </span>
     <span class='ocr_line' id='line_1_28' title="bbox 138 3155 922 3233; baseline -0.004 -13"><span class='ocrx_word' id='word_1_189' title='bbox 138 3159 240 3221; x_wconf 90' lang='lat' dir='ltr'>verbo</span> <span class='ocrx_word' id='word_1_190' title='bbox 265 3156 328 3233; x_wconf 89' lang='lat' dir='ltr'>dei,</span> <span class='ocrx_word' id='word_1_191' title='bbox 353 3162 385 3219; x_wconf 89' lang='lat' dir='ltr'>et</span> <span class='ocrx_word' id='word_1_192' title='bbox 408 3155 594 3220; x_wconf 87' lang='lat' dir='ltr'>ambulabat</span> <span class='ocrx_word' id='word_1_193' title='bbox 616 3157 651 3218; x_wconf 92' lang='lat' dir='ltr'>in</span> <span class='ocrx_word' id='word_1_194' title='bbox 674 3155 727 3217; x_wconf 92' lang='lat' dir='ltr'>dei</span> <span class='ocrx_word' id='word_1_195' title='bbox 750 3156 922 3218; x_wconf 82' lang='lat' dir='ltr'>voluntate.</span> 
     </span>
    </p>
   </div>
   <div class='ocr_carea' id='block_1_12' title="bbox 407 3315 813 3379">
    <p class='ocr_par' dir='ltr' id='par_1_13' title="bbox 407 3315 813 3379">
     <span class='ocr_line' id='line_1_29' title="bbox 407 3315 813 3379; baseline 0 -1"><span class='ocrx_word' id='word_1_196' title='bbox 407 3316 490 3378; x_wconf 81' lang='lat' dir='ltr'>Cum</span> <span class='ocrx_word' id='word_1_197' title='bbox 512 3318 632 3379; x_wconf 82' lang='lat' dir='ltr'>sanctie</span> <span class='ocrx_word' id='word_1_198' title='bbox 655 3315 813 3378; x_wconf 77' lang='lat' dir='ltr'>fidelibus.</span> 
     </span>
    </p>
   </div>
   <div class='ocr_carea' id='block_1_13' title="bbox 179 3422 1081 3692">
    <p class='ocr_par' dir='ltr' id='par_1_14' title="bbox 179 3422 1081 3692">
     <span class='ocr_line' id='line_1_30' title="bbox 179 3422 1079 3504; baseline -0.002 -17"><span class='ocrx_word' id='word_1_199' title='bbox 179 3422 350 3503; x_wconf 70' lang='grc'>1111111111</span> <span class='ocrx_word' id='word_1_200' title='bbox 378 3423 485 3486; x_wconf 87' lang='lat' dir='ltr'>iocum</span> <span class='ocrx_word' id='word_1_201' title='bbox 513 3442 555 3484; x_wconf 85' lang='lat' dir='ltr'>ex</span> <span class='ocrx_word' id='word_1_202' title='bbox 577 3422 682 3485; x_wconf 84' lang='lat' dir='ltr'>Rabbi</span> <span class='ocrx_word' id='word_1_203' title='bbox 708 3423 816 3503; x_wconf 83' lang='lat' dir='ltr'>aliquo</span> <span class='ocrx_word' id='word_1_204' title='bbox 845 3424 1079 3504; x_wconf 84' lang='lat' dir='ltr'>interpretatur,</span> 
     </span>
     <span class='ocr_line' id='line_1_31' title="bbox 180 3510 1078 3597; baseline -0.002 -22"><span class='ocrx_word' id='word_1_205' title='bbox 180 3511 294 3592; x_wconf 72' lang='lat' dir='ltr'>&#39;atque</span> <span class='ocrx_word' id='word_1_206' title='bbox 317 3512 511 3574; x_wconf 82' lang='lat' dir='ltr'>sententiam</span> <span class='ocrx_word' id='word_1_207' title='bbox 534 3511 676 3587; x_wconf 87' lang='lat' dir='ltr'>adducit,</span> <span class='ocrx_word' id='word_1_208' title='bbox 701 3531 783 3591; x_wconf 88' lang='lat' dir='ltr'>quae</span> <span class='ocrx_word' id='word_1_209' title='bbox 798 3512 881 3597; x_wconf 88' lang='lat' dir='ltr'>mihi</span> <span class='ocrx_word' id='word_1_210' title='bbox 895 3511 981 3573; x_wconf 85' lang='lat' dir='ltr'>bone</span> <span class='ocrx_word' id='word_1_211' title='bbox 995 3510 1078 3574; x_wconf 89' lang='lat' dir='ltr'>vide-</span> 
     </span>
     <span class='ocr_line' id='line_1_32' title="bbox 187 3600 1081 3692; baseline 0.002 -31"><span class='ocrx_word' id='word_1_212' title='bbox 187 3622 208 3676; x_wconf 85' lang='lat' dir='ltr'>r,</span> <span class='ocrx_word' id='word_1_213' title='bbox 232 3600 321 3680; x_wconf 86' lang='lat' dir='ltr'>qued</span> <span class='ocrx_word' id='word_1_214' title='bbox 343 3600 463 3692; x_wconf 81' lang='lat' dir='ltr'>sanctie</span> <span class='ocrx_word' id='word_1_215' title='bbox 486 3601 602 3664; x_wconf 77' lang='lat' dir='ltr'>stetin</span> <span class='ocrx_word' id='word_1_216' title='bbox 622 3620 756 3663; x_wconf 88' lang='lat' dir='ltr'>numero</span> <span class='ocrx_word' id='word_1_217' title='bbox 778 3600 906 3682; x_wconf 75' lang='lat' dir='ltr'>plurali,</span> <span class='ocrx_word' id='word_1_218' title='bbox 932 3616 964 3663; x_wconf 86' lang='lat' dir='ltr'>et</span> <span class='ocrx_word' id='word_1_219' title='bbox 983 3600 1081 3663; x_wconf 85' lang='lat' dir='ltr'>deum</span> 
     </span>
    </p>
   </div>
   <div class='ocr_carea' id='block_1_14' title="bbox 191 3792 922 3939">
    <p class='ocr_par' dir='ltr' id='par_1_15' title="bbox 191 3792 922 3939">
     <span class='ocr_line' id='line_1_33' title="bbox 235 3792 580 3860; baseline 0.003 -16"><span class='ocrx_word' id='word_1_220' title='bbox 235 3792 263 3860; x_wconf 92' lang='lat'>1)</span> <span class='ocrx_word' id='word_1_221' title='bbox 281 3793 371 3847; x_wconf 83' lang='lat' dir='ltr'>Amce</span> <span class='ocrx_word' id='word_1_222' title='bbox 388 3792 414 3846; x_wconf 85' lang='lat'>3.</span> <span class='ocrx_word' id='word_1_223' title='bbox 488 3822 491 3827; x_wconf 37' lang='grc' dir='ltr'><em>ν</em></span> <span class='ocrx_word' id='word_1_224' title='bbox 577 3823 580 3829; x_wconf 66' lang='lat'>‹</span> 
     </span>
     <span class='ocr_line' id='line_1_34' title="bbox 191 3881 922 3939; baseline 0.007 -11"><span class='ocrx_word' id='word_1_225' title='bbox 191 3889 271 3931; x_wconf 69' lang='grc'>’11111111</span> <span class='ocrx_word' id='word_1_226' title='bbox 284 3900 334 3939; x_wconf 82' lang='lat' dir='ltr'>opp.</span> <span class='ocrx_word' id='word_1_227' title='bbox 347 3894 435 3939; x_wconf 61' lang='lat' dir='ltr'>exeret.</span> <span class='ocrx_word' id='word_1_228' title='bbox 463 3890 511 3931; x_wconf 82' lang='lat' dir='ltr'>Vol.</span> <span class='ocrx_word' id='word_1_229' title='bbox 525 3889 601 3932; x_wconf 80' lang='lat' dir='ltr'>mv.</span> <span class='ocrx_word' id='word_1_230' title='bbox 905 3881 922 3933; x_wconf 89' lang='grc'><strong>9</strong></span> 
     </span>
    </p>
   </div>
   <div class='ocr_carea' id='block_1_15' title="bbox 0 0 1305 4225">
    <p class='ocr_par' dir='ltr' id='par_1_16' title="bbox 0 0 1305 4225">
     <span class='ocr_line' id='line_1_35' title="bbox 0 0 1305 4225; baseline 0 0"><span class='ocrx_word' id='word_1_231' title='bbox 0 0 1305 4225; x_wconf 95' lang='lat' dir='ltr'> </span> 
     </span>
    </p>
   </div>
  </div>
 </body>
</html>
