2575 4225
225 274 289 337 398
548 274 653 355 Caput
675 274 839 337 decimum

263 452 419 515 nraismus
442 457 538 515 notus
560 457 610 516 est
639 452 745 528 ‚dibru
772 450 927 514 debarim‘
957 451 1059 515 locuti
1088 458 1168 515 sunt

285 542 395 618 verba,
425 561 486 622 pro
519 542 616 603 anxie
650 541 846 617 consultant,
883 540 967 603 sicut
1001 542 1075 604 Esa.
1096 536 1163 605 '8.²

222 630 306 692 Inite
329 629 499 693 consilium
527 634 559 692 et
581 630 785 706 dissolvetur,
814 629 987 709 loquimini
1017 631 1168 707 verbum,

223 724 255 781 et
277 738 344 781 non
367 720 555 783 stabilietur.
602 718 655 781 Sic
678 719 775 799 igitur
797 718 902 780 solent
916 714 1082 795 idolatrae,
1108 720 1169 799 qui

223 807 407 869 abiecerunt
421 809 566 885 verbum,
591 813 623 870 et
636 808 778 870 retinent
791 807 909 888 impios
924 808 1040 884 cultus,
1065 809 1166 871 etiam

222 917 297 958 cum
320 896 464 961 sentiunt
486 899 605 960 iratum
627 896 735 972 deum,
759 902 869 958 tamen
891 915 957 959 non
973 903 1076 975 agunt
1090 917 1164 978 poe·

222 985 410 1063 nitentiam‚
441 987 482 1049 de
505 987 645 1049 cultibus
667 985 795 1048 usitatis
822 984 905 1046 nihil
931 991 1075 1063 mutant,
1107 986 1165 1048 sed

222 1075 414 1155 confugiunt
435 1076 477 1138 ad
501 1075 660 1157 praesidia
681 1075 842 1149 humana,
867 1074 1040 1136 conserunt
1062 1075 1165 1138 consi-

221 1165 278 1240 lia,
311 1170 344 1227 et
366 1171 523 1228 conantur
545 1164 678 1227 eluctari
707 1183 748 1225 ex
774 1162 869 1224 malis
898 1163 967 1225 sine
996 1162 1074 1240 deo,
1107 1163 1165 1226 sed

222 1254 349 1316 frustra.
394 1254 479 1315 Nam
506 1255 603 1316 etiam
626 1251 801 1334 prudenter
824 1250 1015 1314 deliberatae
1038 1272 1089 1315 res
1117 1253 1166 1315 in-

222 1342 330 1404 felices
354 1349 534 1421 sequuntur
555 1347 698 1416 eventus,
723 1340 751 1402 si
774 1340 843 1402 sine
859 1339 919 1402 deo
935 1340 1164 1419 deliberemus,

221 1431 284 1491 hoc
307 1436 363 1505 est,
388 1431 528 1493 nitentes
551 1434 754 1493 nostratum
777 1429 935 1510 sapientia
956 1435 1029 1492 tum
1051 1435 1167 1511 poten·

222 1518 280 1593 tia,
310 1523 344 1580 et
365 1538 432 1580 non
454 1525 584 1598 agentes
610 1519 860 1599 poenitentiam,
893 1518 976 1580 sicut
1003 1520 1170 1600 propheta

221 1607 275 1668 hic
301 1605 395 1683 dicit,
426 1607 585 1670 iudicium
614 1607 787 1686 germinat,
818 1606 915 1668 sicut·
928 1607 976 1669 fel
1000 1607 1037 1669 in
1065 1609 1168 1671 sulcis

222 1695 299 1775 agri.
350 1689 472 1760 'Vocat
494 1703 603 1759 autem
625 1696 783 1758 iudicium
804 1695 864 1757 has
893 1696 981 1775 ipsas
1009 1696 1165 1759 delibera-

221 1785 326 1847 tiones
349 1786 418 1848 sine
440 1786 655 1867 poenitentia,
680 1784 722 1846 ad
745 1804 826 1864 quas
850 1803 903 1846 eos
927 1785 1012 1863 cogit
1034 1786 1166 1848 calami·

221 1882 285 1950 tas,
309 1894 374 1953 qua
395 1882 558 1954 urgentur.
605 1875 693 1949 Hae,
721 1874 844 1953 inquit,
877 1873 960 1935 nihil
982 1873 1047 1936 nisi
1070 1895 1167 1937 vens-

221 1970 335 2025 natum
357 1964 403 2025 101
424 1965 565 2045 pariunt,
595 1964 657 2025 hoo
684 1968 746 2038 est,
778 1961 881 2041 magis
910 1961 1023 2024 iritant
1045 1963 1164 2041 deum,

221 2059 253 2116 et
275 2058 352 2116 sunt
373 2053 497 2116 occasio
521 2052 685 2117 atrocioris
708 2051 868 2132 supplicii.

314 2135 535 2205 ³V00ahulum
573 2142 660 2222 quod
695 2141 739 2203 101
771 2139 985 2216 reddidimus,
1026 2141 1164 2206 Ebraeis

222 2229 333 2305 ,rosoh‘
359 2235 422 2306 est,
453 2231 542 2310 quod
564 2251 631 2292 non
654 2231 714 2305 101,
746 2229 802 2292 sed
824 2229 959 2292 herbam
988 2230 1162 2309 significat,

220 2338 276 2381 our
298 2317 387 2380 enim
409 2319 531 2399 alioqui
552 2319 685 2381 adderet
706 2318 864 2398 propheta
886 2316 926 2379 de
949 2317 1047 2381 sulcis
1069 2322 1164 2400 agri?

220 2409 263 2471 Et
277 2413 410 2489 apparet
421 2428 462 2470 ex
477 2408 565 2470 Mose
588 2425 717 2488 quoque
731 2407 867 2469 herbam
882 2426 959 2483 esse,
984 2408 1065 2470 Deu.
1085 2403 1160 2472 29!

219 2497 276 2558 ubi
298 2497 391 2560 dicit:
415 2498 463 2559 Ne
487 2497 529 2560 sit
550 2498 635 2560 inter
657 2517 713 2560 vos
736 2497 785 2560 vir
807 2501 864 2558 aut
885 2495 1010 2572 mulier,
1035 2497 1163 2560 familia

218 2590 275 2647 aut
289 2585 403 2661 tribus,
427 2587 519 2649 cuius
535 2605 588 2648 cor
603 2605 637 2648 se
653 2591 775 2649 avertat
791 2603 810 2646 a
825 2584 957 2647 domino
973 2585 1033 2648 deo
1049 2593 1163 2650 nostro

217 2672 330 2747 hodie,
361 2678 394 2735 et
418 2674 530 2748 vadat,
557 2679 596 2736 ut
617 2674 735 2736 serviat
757 2673 819 2736 diis
842 2674 988 2753 gentium
1010 2675 1161 2754 istarum,

217 2779 258 2821 ne
281 2761 324 2823 sit
345 2760 427 2822 forte
449 2761 612 2825 intervos
639 2763 733 2824 radix
761 2763 944 2842 germinans
972 2763 1016 2824 101
1044 2771 1078 2826 et
1105 2765 1161 2827 ab·

217 2849 395 2929 synthium.
441 2849 585 2930 Respicit
614 2856 723 2914 autem
746 2852 851 2914 Moses
873 2851 927 2913 hic
953 2852 995 2914 ad
1025 2853 1158 2915 scanda-

215 2940 297 3016 lum,
330 2940 414 3002 sicut
434 2939 552 3002 Paulus
574 2929 610 3002 in
641 2941 777 3022 epistola
806 2938 848 3001 ad
871 2935 1073 3003 Corinthios⁵
1099 2943 1158 3004 ubi

216 3029 309 3105 dicit,
337 3029 464 3091 modico
488 3029 645 3092 fermento
669 3029 855 3091 fermentari
877 3034 979 3092 totam
1001 3044 1155 3094 massam.

214 3119 265 3178 Ita
287 3114 411 3180 Moses*
438 3118 533 3194 dicit,
562 3139 630 3181 non
661 3117 932 3195 contemnendum
963 3119 1156 3199 periculum,

215 3205 300 3268 siin
322 3210 390 3268 toto
412 3206 532 3288 populo
561 3226 646 3270 unus
677 3214 806 3282 tantum
834 3207 876 3269 sit
904 3205 1055 3284 idolatra,
1087 3209 1159 3271 fore

213 3522 241 3589 u
261 3522 277 3575 1
303 3450 331 3576 10)
349 3451 416 3574 Ed·
435 3449 461 3504 ⁸·
498 3449 695 3519 ²)'Iuffi0lm
725 3451 754 3520 3>
774 3452 824 3506 rs
842 3451 940 3505 herba·
967 3449 996 3518 4)
1010 3453 1094 3506 mut.
1109 3453 1140 3506 rs

278 3563 285 3576 .
330 3539 368 3576 Ol'.
408 3563 413 3574 .

302 3752 327 3819 ⁸)
346 3754 382 3804 In
400 3769 486 3818 marg.
506 3754 568 3807 coll.
588 3755 663 3808 Ien:
676 3755 765 3821 ¹Dent.
785 3754 828 3808 29.

1270 3353 1272 3392 l

1270 3397 1272 3428 ι
