2575 4225
188 254 250 314 116
526 250 630 331 Caput
653 256 781 314 sextum

185 434 218 491 et
239 428 322 490 Iuda
344 426 387 489 ad
409 447 516 506 regom
539 427 655 503 Gareb,
686 427 743 507 qui
764 427 800 489 in
822 429 923 490 Assur
944 427 1125 505 habitabat,

185 536 320 579 munera
342 521 375 578 et
396 514 495 592 dona,
527 520 565 578 ut
587 536 662 578 eum
684 536 793 596 regem
814 516 947 578 haberet
970 516 1033 578 sibi
1055 537 1126 597 pro·
1212 542 1224 552 ’

185 605 313 686 pitium,
344 602 441 667 etiam
469 609 507 667 ut
533 604 720 666 concederet
747 605 827 685 ipsis
857 624 985 667 rursum
1014 606 1060 668 ire
1090 605 1127 668 in

186 701 304 756 terram
326 712 428 755 suam.
474 693 589 755 Nullus
611 699 722 755 tamen
741 713 798 755 rex
812 693 874 756 hoc
890 693 994 769 faciet,
1018 713 1126 772 neque

186 782 239 844 ille
262 781 369 857 etiarn,
394 781 430 842 in
452 780 542 844 cuius
566 786 650 843 terra
672 781 758 857 estis,
783 801 860 843 narn
883 801 938 845 vos
962 780 1038 844 estis
1059 783 1126 845 mei

186 870 314 951 captivi,
339 889 397 949 ego
420 890 476 933 vos
499 869 534 931 in
557 869 777 950 captivitatem
799 870 884 944 misi,
913 889 1018 950 neque
1041 869 1126 933 alius
1180 901 1187 908 ·

185 958 344 1021 liberabit.

537 1094 684 1164 GAPVT
708 1095 768 1162 vl.

184 1223 363 1334 Tmusmvs
386 1230 435 1286 est
457 1223 499 1286 ad
521 1244 658 1304 regnum
681 1224 809 1300 Christi,
842 1244 919 1286 nam
943 1225 1005 1287 hoo
1028 1225 1127 1287 verbo

247 1321 315 1376 tam
337 1311 510 1392 magnifica
531 1317 564 1375 et
586 1312 757 1394 splendida
779 1311 819 1374 de
836 1313 925 1375 nullo
941 1313 1002 1376 alio
1026 1332 1128 1393 quam

187 1401 306 1464 Christi
327 1420 425 1480 regno
447 1406 579 1482 possent
600 1400 745 1481 intelligi.
793 1402 852 1464 Est
871 1402 1044 1465 sententia:
1069 1402 1127 1464 Po·

186 1490 282 1571 pulus
305 1489 359 1550 ille
381 1494 570 1570 postauam
592 1491 812 1572 captivitatem
835 1487 917 1552 bene
937 1496 1071 1554 vexatus
1094 1496 1139 1552 et

186 1578 357 1641 tribulatus
380 1577 487 1642 veniet
509 1578 551 1641 ad
573 1599 635 1654 me,
661 1585 693 1642 et
715 1599 773 1660 ego
797 1578 941 1659 requiem
964 1578 1056 1641 dabo.

417 1681 602 1784 vrvrfic'asn
623 1739 682 1782 nos
705 1725 780 1800 pon
802 1719 892 1782 euos.
928 1734 938 1748 ·

233 1848 265 1888 os
292 1827 466 1890 moriemur
488 1825 622 1906 quidem
644 1832 677 1889 et
692 1825 874 1905 affligemur
889 1824 1035 1900 miseriis,
1060 1845 1128 1888 sus·

255 1917 368 1981 citabit
389 1922 499 1978 tamen
522 1934 581 1978 nos
604 1919 678 1995 post
700 1913 780 1977 duos
804 1914 882 1990 dies,
914 1913 1029 1990 idest,
1061 1933 1128 1977 mo·

188 2007 261 2070 dico
295 2012 447 2086 tempore.
504 2003 566 2065 Vel
599 2003 716 2066 rectius
754 2001 880 2066 videtur
916 2003 1020 2079 locus,
1061 2022 1130 2082 quo

189 2095 307 2158 Paulus
331 2092 483 2174 gloriatur
506 2091 670 2156 Christum
685 2097 936 2157 resurrecturum
954 2089 1048 2155 tertia
1063 2089 1128 2167 die,

189 2190 228 2247 ut
248 2185 328 2245 haec
350 2182 393 2243 sit
415 2181 589 2244 sententia:
625 2180 719 2255 Quod
755 2180 900 2244 Christus
934 2200 993 2243 sua
1025 2200 1128 2243 resur-

189 2271 330 2337 rectione
352 2268 429 2334 velit
451 2288 510 2332 nos
533 2288 644 2331 omnes
668 2268 836 2333 vivificare.
883 2267 1020 2345 Proinde
1036 2268 1128 2331 intel·

189 2360 261 2439 ligit
293 2378 360 2421 non
387 2357 491 2420 solum
519 2356 625 2437 ipsam
659 2357 930 2434 resurrectionem,
966 2355 1023 2421 sed
1057 2356 1129 2420 eius

189 2448 341 2512 virtutem
364 2452 397 2510 et
419 2445 606 2508 efficaciam,

418 2568 503 2643 Quia
524 2568 776 2632 misericordiam
798 2570 893 2634 volvi.

190 2675 424 2787 Mrssmconnn
450 2673 593 2757 primum
619 2679 668 2737 est
690 2675 796 2738 oblata
819 2695 917 2755 quam
940 2674 1128 2757 accipimus,

264 2764 426 2829 sciliceta
448 2762 518 2839 deo,
547 2766 580 2824 et
602 2782 667 2841 qua
689 2764 782 2826 nobis
805 2763 981 2840 benefacit,
1011 2762 1130 2826 deinde

191 2875 230 2918 ea
251 2859 300 2917 est
322 2872 420 2933 quam
442 2850 543 2913 debeo
566 2851 713 2932 proximo
740 2871 822 2914 mco.
870 2852 929 2915 Est
954 2872 1028 2933 ergo
1058 2872 1128 2915 sen·

190 2943 301 3019 tentia,
337 2941 400 3004 hoo
427 2940 479 3020 egi
509 2958 566 3021 per
594 2941 767 3022 prophetas
797 2939 977 3031 occidentes
1005 2960 1061 3004 vos
1091 2945 1131 3004 ut

191 3033 345 3111 erigerem
368 3030 488 3093 scilicet
502 3048 638 3108 regnum
653 3028 951 3106 misericordiarum,
975 3034 1013 3091 ut
1027 3029 1129 3091 omni-

190 3122 252 3183 bus
274 3119 365 3183 vobis
391 3116 613 3180 benefeceram
640 3138 681 3179 ex
708 3137 782 3179 mea
811 3116 1029 3181 misericordia
1058 3117 1129 3180 sine

191 3206 304 3273 vestris
326 3205 466 3270 victimis
490 3211 522 3267 et
544 3205 704 3287 operibus.

411 3327 534 3391 Galaad
557 3328 669 3392 civitas
692 3330 904 3410 operantium.

193 3429 356 3547 Garri&
383 3434 508 3515 integra
529 3439 578 3535 cst
592 3434 696 3537 regie,
721 3442 754 3498 et
775 3456 842 3499 non
864 3441 913 3499 est
922 3435 1009 3511 ,urbs
1019 3439 1051 3535 et
1065 3454 1131 3536 ‘per

254 3528 476 3605 contemptum
498 3542 659 3603 prmc1pes
682 3544 770 3603 reges
794 3531 950 3588 eteorum
969 3522 1132 3587 semmam

283 3732 310 3798 1)
330 3731 446 3786 Galaad.
