2575 4225
222 254 294 321 310
565 255 675 339 Caput
696 273 821 321 nonum
857 275 861 282 ’

221 431 298 544 Etr
329 433 409 535 baec
431 450 561 536 quoque
583 430 943 535 concicpoenitentiae3
967 432 1003 497 in
1018 452 1085 513 qua
1098 432 1169 534 ido

285 522 413 584 mmm
435 540 526 601 regni
547 521 646 586 Israal
668 519 815 597 damnat,
845 528 880 585 et
900 526 1044 586 minatur
1070 526 1169 586 vastr-
1268 545 1269 548 ¹

223 616 335 696 tatem
380 609 497 690 Itaque
516 608 616 691 plana
637 615 715 674 sunt
736 610 857 675 omnia.
893 628 895 634 ’
1139 648 1141 653 -
1166 656 1170 705 3
1268 641 1272 679 a

278 742 280 748 .
312 697 500 763 Ostendant
517 703 627 760 autem
649 698 746 762 toties
767 717 788 760 a
815 697 984 780 prophetis
1008 698 1172 779 repetitae

224 786 404 863 conciones,
428 806 495 850 non
517 786 622 850 solum
636 786 896 867 magnitudinem
910 787 1010 851 huius
1028 788 1167 867 peccati,
1270 849 1272 872 ,

223 875 285 938 sed·
303 875 402 937 etiam
424 875 621 939 obstinatam
634 875 844 939 idolatrarum
859 871 1080 957 pertinaciam,
1106 876 1170 939 ita»-
1268 872 1272 957 1

222 982 286 1043 que
313 982 380 1027 non
408 964 563 1026 miremur
588 963 701 1040 hodie,
737 964 826 1043 quod
852 963 1026 1027 adversarii
1060 965 1166 1028 nostri
1266 976 1272 1041 „t

221 1059 289 1116 tam
311 1052 517 1133 pertinaciter
544 1071 603 1116 sua
630 1051 825 1130 defendunt,
857 1058 890 1115 et
915 1052 1013 1115 nullis
1044 1054 1169 1117 nostris
1270 1096 1272 1102 ι

222 1140 497 1205 admonitionibus
526 1140 744 1220 acquiescunt.
789 1141 922 1204 Obtinet
951 1141 1040 1205 enim
1063 1140 1165 1208 Satan

221 1249 345 1294 morem
367 1248 464 1293 suum
487 1229 672 1308 antiquum,
704 1233 737 1291 et
759 1230 859 1293 semel
880 1230 1019 1293 irretitos
1048 1230 1167 1313 impiis

221 1319 429 1400 opinionibus
450 1323 484 1382 et
506 1316 646 1396 cultibus
669 1316 750 1380 adeo
772 1319 890 1382 retinet
907 1317 1050 1395 firmiter,
1075 1326 1115 1383 ut
1129 1340 1166 1383 se

222 1407 381 1488 explicaro
414 1426 456 1469 ex
489 1405 666 1486 impietatis
699 1407 933 1488 multiplicibus
965 1406 1073 1472 nadis*
1095 1429 1165 1472 non

220 1495 356 1576 possint.
401 1495 484 1556 Vere
507 1494 596 1555 enim
619 1494 703 1557 sieut
724 1495 842 1558 Paulus
865 1494 905 1557 de
925 1490 1067 1567 Galatis?
1095 1497 1166 1561 suis

220 1583 308 1660 dicit,
332 1582 455 1645 habent
476 1581 650 1645 fascinatas
668 1588 802 1647 mentes.
842 1585 944 1647 Tanto
961 1569 1166 1649 debebamus
1270 1639 1272 1651 .

221 1691 280 1736 nos
303 1677 336 1736 et
357 1670 545 1751 diligentius
567 1689 661 1751 agere
684 1672 802 1751 gratias
824 1671 884 1735 deo
899 1692 958 1752 pro
972 1673 1045 1735 luce
1059 1672 1165 1751 verbi,

220 1766 254 1824 et
264 1758 543 1824 incumbereinid
554 1759 675 1823 maiore
687 1759 804 1836 studio,
812 1760 1070 1824 utretineremus
1078 1781 1163 1826 eam.
1271 1760 1272 1767 ’

310 1845 428 1912 *Initio
447 1848 546 1911 huius
569 1848 685 1930 capitis
712 1854 761 1911 est
790 1848 998 1911 comminatio
1027 1870 1167 1931 poenae,
1270 1897 1272 1919 .

221 1940 255 1999 et
286 1931 410 2018 peccati
440 1938 681 2019 reprehensio„
709 1935 859 2000 Florebat
891 1956 1028 2017 regnum
1062 1939 1167 2003 Israel

221 2024 283 2089 sub
304 2026 480 2102 Ierobeam,
504 2031 600 2088 antea
620 2025 734 2089 multis
756 2030 789 2088 et
807 2025 906 2100 ¹variis
922 2025 1052 2091 casibus
1065 2028 1166 2092 iacta·
1270 2034 1272 2067 ¹

220 2121 302 2177 tum.
348 2115 432 2176 Nam
453 2115 580 2179 vicinus
601 2115 705 2178 hostis
728 2115 826 2196 Syrus
849 2115 978 2179 assidue
994 2122 1027 2180 et
1041 2138 1168 2199 magno
1271 2119 1272 2138 ¹

221 2219 297 2264 oum
315 2221 472 2266 successu
490 2210 602 2266 contra
618 2205 718 2267 Israel
740 2205 942 2285 belligeratus
974 2211 1053 2269 erat.
1100 2207 1166 2270 Sed

221 2289 388 2354 Ierobeam
415 2291 596 2371 potentiam
623 2291 777 2373 Syrorum
806 2293 916 2374 fregit,
945 2300 983 2358 ut
1011 2314 1047 2357 se
1077 2296 1169 2359 intra

222 2396 297 2443 suos
326 2379 527 2443 continerent
551 2381 717 2445 terminos.
764 2382 846 2445 Oum
874 2383 989 2462 igitur,
1015 2387 1055 2446 ut
1081 2384 1169 2447 solet

220 2469 319 2549 longa
351 2488 445 2551 pace,
479 2469 626 2551 potentia
658 2470 748 2552 regni
776 2470 875 2534 Israel
908 2471 1165 2549 confirmaretur,
1271 2492 1272 2560 }

221 2557 431 2620 luxuriabant
453 2558 563 2635 animi,
588 2578 625 2621 ac
640 2559 727 2622 hanc
741 2564 930 2642 perpetuam
945 2559 1009 2622 sibi
1024 2560 1165 2623 somnia·

221 2645 304 2708 bant
325 2645 522 2708 felicitatem.
568 2646 681 2710 Monet
702 2654 811 2711 autem
832 2648 992 2730 propheta
1021 2666 1092 2726 eos,
1118 2668 1165 2712 ne
1269 2655 1270 2658 ’

221 2732 394 2807 laetentur,
426 2751 506 2794 neve
529 2734 689 2810 exultent,
717 2737 823 2815 urgeri
845 2737 933 2802 enim
963 2755 1017 2799 eos
1045 2737 1166 2817 gravis·

223 2819 306 2881 simo
329 2824 470 2900 peccato,
495 2820 583 2900 quod
605 2840 663 2903 per
684 2821 868 2888 idolatriam
890 2844 911 2886 a
932 2824 992 2890 deo
1010 2824 1165 2889 discesse-

221 2906 297 2971 rint.
342 2906 383 2971 Id
404 2915 574 2990 peccatum
604 2917 724 2975 certam
755 2913 895 2996 poenam
924 2913 1085 2977 vastitatis
1115 2914 1165 2976 di-

220 2996 267 3060 cit
288 3002 556 3061 consecuturam

265 3170 470 3323 Dssexlisti
503 3175 923 3254 mercedem‚'horrea
957 3176 1166 3242 frumento
1270 3197 1272 3248 ἐ

353 3282 376 3344 p
403 3283 487 3326 ena.
1270 3280 1272 3288 ⁴

220 3402 437 3419 ..ρ-ι.-

271 3504 277 3506 v,
312 3439 450 3542 irenae.
467 3471 511 3526 a·

311 3648 337 3716 ⁸)
362 3651 452 3705 Deest
472 3652 517 3713 in,
532 3651 594 3705 coll.
621 3653 711 3708 Vuitt.
749 3652 789 3716 ⁸⁸)
813 3652 849 3705 In
875 3667 964 3719 marg.
992 3653 1056 3707 coll.
1086 3655 1134 3708 Ien

223 3720 340 3772 Summa
357 3723 468 3787 capitis.
882 3758 885 3765 .
966 3764 968 3767 .
