2575 4225
441 280 567 342 Hoseee
590 281 775 362 prophetoe.
1015 281 1079 345 449
1128 351 1132 360 ,

181 457 345 534 tefacio,
394 457 464 520 sed
499 457 542 519 in
583 458 728 521 Gilead
771 463 831 521 est
865 457 1079 539 iniquitas.

182 547 285 611 Vani
308 546 533 610 enimfacti
556 553 656 610 sunt.
703 549 747 610 In
763 547 895 627 Gilgal
918 565 1079 628 quoque

183 637 393 699 immolant
420 636 553 712 boves,
583 641 622 698 et
650 637 799 699 altaria
825 656 959 700 eorum
986 643 1081 700 sunt

183 727 293 789 sicut
315 725 457 789 acervi
479 725 520 787 in
543 725 663 788 sulcis
686 745 881 805 agrorum.

9 892 10 895 ’
134 901 372 1014 *Achortatus
398 920 504 984 'supra
534 910 584 966 est
619 901 662 965 ed
689 903 847 967 iudicium
885 904 1079 981 faciendum,

230 993 293 1056 hoe
323 998 387 1069 est,
417 998 456 1054 ut
483 992 601 1072 singuli
630 993 666 1054 in
698 1013 756 1056 suo
785 1013 899 1072 genere
931 1001 1082 1057 occurent

137 1081 309 1158 scandalis,
335 1087 368 1144 ct
390 1081 547 1143 damnent
569 1101 652 1160 quae
675 1088 752 1144 sunt
775 1082 970 1145 damnanda.
1018 1083 1081 1145 Sed

8 1162 10 1239 J
137 1172 202 1234 hoc
229 1171 265 1232 in
296 1171 367 1234 loco
400 1171 544 1249 queritur
571 1171 740 1247 dominus,
776 1171 811 1232 id
839 1191 968 1252 quoque
1000 1172 1081 1233 indi-

8 1280 10 1359 ,
137 1259 295 1339 gnissime
314 1259 443 1340 negligi.
491 1259 569 1339 Ego,
593 1259 710 1339 inquit,
736 1260 835 1322 eduxi
854 1281 910 1324 vos
939 1281 979 1322 ex
994 1268 1082 1338 ,terra

138 1350 289 1429 Aegypti,
303 1354 347 1411 'et
369 1368 515 1410 annuum
538 1349 659 1410 festum
681 1349 969 1427 tabernaculorum,
995 1349 1082 1430 quod

9 1426 11 1445 '
137 1438 322 1514 celebratis,
351 1437 574 1500 testimonium
597 1437 686 1514 dicit,
711 1437 751 1500 de
774 1439 1008 1520 multiplicibus
1030 1440 1081 1501 be·
1133 1515 1138 1522 ἱ

9 1554 10 1561 ¹
135 1527 280 1603 neficiis,
305 1527 423 1607 quibus
446 1546 502 1589 vos
525 1547 701 1608 peremne
724 1533 853 1610 tempus
876 1528 1082 1609 profectionis

9 1698 11 1703 Ι
137 1621 263 1679 vestrae
285 1617 321 1678 in
344 1615 469 1678 deserto
492 1616 664 1679 cumulavi.

230 1704 292 1766 Sed
314 1725 429 1786 parum
451 1704 513 1766 hoc
533 1710 590 1781 est,
615 1704 728 1768 addidi
749 1707 856 1768 maius
878 1707 1080 1782 beneficium,

9 1870 11 1875 ,
136 1814 197 1875 per
219 1795 403 1874 prophetas,
427 1813 502 1855 cum
525 1794 644 1873 quibus
667 1795 796 1874 loquor,
821 1795 882 1856 hoc
906 1802 969 1871 est,
1002 1815 1082 1874 quos

137 1882 256 1963 spiritu
282 1903 355 1946 meo
385 1882 508 1962 repleo,
540 1902 597 1945 vos
624 1883 724 1946 doceo
750 1883 790 1945 de
819 1883 902 1947 veris
932 1884 1081 1960 cultibus,

138 1978 173 2034 et
201 1971 322 2034 damno
349 1971 541 2034 idolatriam.
587 1972 652 2034 Hic
680 1971 759 2052 quid
790 1972 923 2035 decebat
952 1992 1008 2036 vos
1038 1973 1081 2034 fa-

136 2062 233 2124 cere?
278 2062 331 2124 An
359 2081 427 2123 non
448 2060 512 2141 ipsi
542 2079 670 2141 quoque
693 2081 803 2143 parere
827 2062 897 2126 voci
920 2067 952 2125 et
981 2062 1082 2125 moni·

9 2201 10 2204 η
137 2150 285 2213 tionibus
312 2150 395 2213 meis
423 2149 603 2227 debebatis,
636 2156 669 2213 et
691 2171 837 2214 exercere
865 2151 1084 2219 iudiciumne

137 2240 296 2302 damnare
319 2259 401 2320 quae
425 2258 501 2301 cum
522 2240 620 2302 verbo
642 2243 815 2321 pugnant?

229 2328 293 2391 Sed
315 2328 399 2391 nihil
420 2328 538 2390 horum
561 2348 581 2390 a
602 2329 694 2392 vobis
718 2329 770 2406 fit,
801 2330 837 2391 in
860 2329 974 2392 Gilead
998 2350 1083 2393 exer-

9 2411 11 2468 ἶ
136 2423 231 2481 cetur
252 2418 418 2493 idolatria,
451 2418 487 2478 in
508 2417 616 2498 Gilgal
642 2418 727 2480 fiunt
750 2438 853 2495 sacre,
886 2424 918 2480 et
941 2438 1013 2480 aree
1036 2425 1084 2482 tot

140 2512 232 2583 sunt,
270 2512 350 2587 quot
383 2506 419 2568 in
453 2507 537 2586 agris
578 2508 683 2570 acervi
715 2507 862 2589 lepidum
897 2512 985 2570 sunt.
1032 2508 1084 2570 Sic

9 2593 11 2668 ἓ
83 2672 86 2675 ἦ
138 2596 299 2658 iudicium
321 2614 451 2677 prorsus
474 2596 601 2657 nullum
623 2595 712 2677 apud
734 2616 790 2659 vos
813 2600 871 2660 est.

231 2684 374 2747 Pertinet
395 2684 494 2762 igitur
516 2684 695 2764 obiurgatio
718 2686 798 2747 haec
826 2690 898 2748 tum
921 2685 962 2749 ad
985 2686 1083 2765 megi·

139 2779 280 2836 stratum
295 2774 431 2849 civilem,
455 2774 648 2836 tumetium
672 2774 712 2837 ad
734 2774 922 2851 secerdotes,
947 2795 1084 2856 quorum

9 2869 11 2948 j
138 2862 288 2925 officium
303 2867 380 2938 eret,
404 2862 558 2924 damnare
573 2863 693 2943 impios
716 2865 831 2939 cultus,
856 2870 888 2943 et
907 2864 1020 2927 docere
1044 2864 1084 2926 de

9 2953 10 2982 l
139 2952 225 3014 veris
253 2952 403 3015 cultibus.
450 2950 513 3013 Sed
540 2951 576 3013 hi
603 2952 731 3031 patroni
759 2952 935 3032 impietatis
959 2957 991 3014 et
1018 2952 1084 3016 ido·

8 3103 12 3132 ,
138 3040 254 3103 latriae
282 3046 387 3116 erant,
426 3060 463 3102 ac
494 3041 643 3121 exemplo
664 3059 730 3104 ‘suo
759 3041 875 3120 vulgus
903 3041 1085 3106 invitabant

140 3129 185 3192 ad
207 3130 326 3211 impios
349 3129 464 3191 cultus.

232 3220 379 3281 Verbum
414 3217 581 3294 ,Adamch‘
616 3216 777 3298 significat
810 3219 989 3282 assimilari.
1044 3220 1084 3283 Id

17 3343 21 3352 ι
141 3308 209 3369 fere
231 3308 294 3369 hoc
317 3308 353 3370 in
374 3308 444 3370 loco
468 3313 635 3388 exponunt
658 3329 715 3390 pro
739 3328 791 3385 eo,
816 3308 904 3389 quod
927 3314 984 3384 est,
1010 3308 1084 3371 dare

148 3396 383 3460 similitudines.
440 3397 524 3458 Nam
557 3397 789 3479 prophetarum
819 3398 988 3461 conciones
1019 3418 1085 3461 non

148 3486 265 3567 ubique
288 3488 404 3568 planae
420 3492 505 3562 sunt,
529 3486 586 3549 sed
609 3491 687 3550 sunt
709 3486 829 3551 similes
852 3486 1083 3569 aenigmatum,

234 3695 260 3762 ‘l
286 3697 322 3750 In
345 3696 607 3764 merg.coll.1en.:
639 3695 806 3764 Obiurgatio
828 3700 946 3767 propter
970 3714 1030 3755 non
1048 3699 1085 3753 fa·

168 3782 226 3820 tum
242 3767 388 3821 iudicium

185 3849 273 3906 Lutderi
286 3876 334 3916 opp.
348 3869 432 3917 exeget.
463 3866 601 3909 Voixxlv.
889 3859 924 3912 29
