2575 4225
165 254 239 354 ’186
509 251 614 332 Caput
635 251 779 332 primum

218 427 424 539 Drxitque
447 427 628 491 dominus
652 427 701 489 ad
725 448 825 490 eum:
850 416 1117 491 Vocanom'en

284 518 369 580 eius
387 517 523 592 Iezrel,
548 517 734 596 quoniam
758 516 891 586 adhuc
914 516 1117 579 modicum

218 612 296 683 est,
332 612 371 669 et
404 606 590 669 visitabo
619 606 842 685 sanguines
870 605 1023 668 Iezreel
1050 624 1116 667 su·

218 714 285 777 per
307 694 465 757 domum
487 695 601 771 Iehu,
632 702 671 758 et
693 694 835 758 delebo
858 713 1025 773 regnum
1048 693 1115 757 do-

217 804 306 847 mus
339 785 480 859 Israel,
516 791 553 847 et
583 784 622 845 in
650 783 717 846 die
744 784 818 847 illa
845 785 1025 863 frangam
1055 803 1115 845 ar·

218 888 307 935 cum
329 873 456 936 Israel
478 874 520 935 111
542 874 648 936 valle
672 873 829 935 Iezreel.

241 1127 299 1169 rac
330 1106 429 1167 altera
454 1124 529 1185 pars
557 1104 656 1167 huius
684 1104 806 1185 primae
841 1104 1029 1185 prophetiae
1065 1110 1118 1168 est

264 1196 304 1259 de
326 1214 425 1273 regno
448 1193 560 1269 Israel,
592 1213 670 1254 nam
694 1193 781 1272 quod
804 1193 962 1273 propheta
984 1193 1117 1256 iubetur

174 1284 298 1360 ducere,
323 1302 421 1363 quam
444 1287 538 1345 vocat
559 1300 695 1347 uxorem
710 1281 969 1357 fornicationum,
994 1280 1028 1343 id
1044 1302 1115 1362 per·

174 1374 255 1436 tinet
289 1372 331 1435 ad
364 1370 614 1449 etgnificandum
647 1376 816 1451 peccatum
848 1371 946 1432 huius
987 1370 1114 1452 populi,

174 1462 262 1541 quod
284 1460 431 1522 idolatria
453 1465 621 1540 corruptus
644 1459 833 1522 discesserat
855 1478 874 1520 1
896 1459 966 1535 deo,
991 1465 1023 1521 et
1037 1480 1116 1523 vero

174 1550 228 1613 dei
250 1550 347 1612 cultu.
393 1549 487 1610 Nunc
510 1568 585 1610 curn
607 1551 649 1610 ex
671 1568 709 1611 11
731 1549 816 1611 filius
839 1548 995 1623 nascitur,
1024 1568 1116 1611 man·

175 1639 232 1701 dat
261 1638 427 1714 dominus,
462 1642 500 1699 ut
532 1644 672 1718 ponatur
705 1657 804 1719 puero
839 1646 970 1699 nomen·
987 1637 1117 1699 Iezreel.

174 1728 316 1791 Pertinet
338 1732 446 1789 autem
468 1726 544 1803 hoc,
577 1727 751 1807 sicutipse
775 1727 932 1808 propheta
962 1725 1116 1802 ostendit,

174 1817 217 1879 ad
245 1815 490 1897 significandam
517 1835 673 1896 poenam,
710 1834 809 1894 quam
842 1816 981 1895 populus
1012 1814 1118 1895 impia

175 1905 385 1969 fornicatione
408 1911 477 1967 erat
498 1904 641 1981 meritus,
682 1903 744 1967 Sed
759 1923 903 1983 quaeras,
928 1902 1117 1983 quomodo?

268 1990 488 2057 ¹Vooabulum
510 1993 626 2055 Iezreel
648 1993 737 2055 venit
758 2013 778 2055 a
800 1993 896 2056 verbo
916 1992 1001 2067 Zira,
1026 1992 1117 2071 quod

175 2084 332 2147 seminare
362 2082 530 2162 significat.
577 2082 661 2156 Quia
689 2088 798 2144 autem
825 2081 879 2144 hio
909 2081 1047 2163 populus
1076 2100 1117 2145 eo

174 2173 306 2236 nomine
328 2173 470 2233 maxime
493 2173 711 2252 superbiebat,
741 2171 830 2251 quod
859 2177 952 2234 norat
981 2191 1014 2232 se
1045 2190 1117 2233 1111

175 2261 229 2324 dei
251 2260 418 2342 populum,
443 2266 476 2322 11
497 2265 654 2340 tanquam
676 2261 805 2323 vineam
829 2261 869 2322 ab
892 2261 964 2340 ipso
982 2259 1117 2322 domino

175 2351 371 2431 plantatam,
401 2353 498 2427 atque
520 2348 592 2410 ideo
616 2368 724 2411 secure
755 2349 982 2412 contemnebat
1008 2348 1117 2411 minas

175 2435 415 2521 prophetarum.
462 2437 540 2500 Ideo
563 2437 643 2501 deus
666 2438 728 2500 hoc
750 2439 859 2518 ipsum
882 2457 1001 2499 nomen
1024 2437 1118 2500 iubet

174 2528 313 2609 imponi,
345 2528 402 2590 sed
423 2528 518 2606 longe
542 2527 605 2589 alia
626 2527 761 2603 ratione,
786 2545 886 2605 quam
907 2526 1064 2588 hactenus
1095 2546 1117 2587 a

174 2616 295 2696 populo
317 2621 509 2696 usurpatum
532 2622 608 2693 erat,
632 2636 709 2678 nam
731 2615 862 2678 nomine
878 2615 1002 2691 Iezreel,
1027 2615 1117 2694 quod

174 2704 297 2766 factum
320 2709 369 2766 est
391 2723 411 2764 a
437 2704 642 2780 seminando,
672 2705 882 2784 gloriabatur,
914 2703 1002 2784 quod
1032 2710 1119 2766 esset

175 2792 315 2874 populus
338 2812 357 2853 a
380 2791 441 2854 deo
465 2794 641 2856 seminatus
665 2799 697 2856 et
720 2799 928 2874 propagatus,
961 2791 1018 2855 sed
1045 2812 1116 2874 pro-

176 2882 274 2963 pheta
296 2886 389 2944 vocat
411 2881 527 2943 Iezreel
549 2882 631 2958 ideo,
661 2881 748 2961 quod
771 2881 850 2944 deus
874 2881 951 2944 velit
974 2901 1050 2943 oum
1073 2881 1117 2944 ob

176 2977 346 3053 peccatum
367 2970 534 3033 idolatriae
557 2971 767 3034 disseminare
796 2971 832 3032 in
860 2976 980 3050 gentes.
1026 2969 1119 3034 Sicut

175 3060 264 3121 enim
286 3059 401 3122 semini
425 3064 509 3121 terra
531 3080 613 3141 opus
630 3065 688 3135 est,
712 3060 748 3121 in
764 3079 863 3140 quam
879 3058 1044 3144 condatur,
1070 3059 1119 3121 ita

175 3148 334 3228 populum
355 3149 444 3218 huno
466 3147 519 3210 dei
541 3167 653 3210 semen
681 3154 788 3224 vocat,
820 3147 907 3227 quod
937 3147 1006 3227 ipse
1036 3147 1118 3209 deus

177 3242 245 3299 erat
271 3255 347 3298 eum
374 3241 531 3315 tanquam
558 3257 669 3299 semen
697 3236 898 3318 dispersurus
927 3237 963 3298 in
992 3236 1118 3316 longin-

176 3345 256 3405 quas
280 3329 401 3404 gentes.

265 3499 291 3566 1)
310 3498 463 3566 Iezreel.⁸‘,

266 3657 290 3723 ⁸)
313 3658 350 3710 In
374 3673 462 3723 marg.
488 3657 550 3711 coll.
577 3657 724 3712 IenensIs:
752 3657 902 3710 Hactenus
928 3656 963 3708 de
989 3662 1115 3728 peccato,

60 3730 69 3788 ᾗ
176 3743 253 3781 nuno
271 3727 307 3780 de
325 3743 418 3794 poena
436 3728 544 3796 populi.
577 3728 624 3803 ξ’)
643 3729 732 3782 Deest
750 3727 781 3781 in
801 3727 863 3782 coll.
882 3728 996 3780 Ienens.
