2575 4225
24 2575 31 2582 ⁴
27 2526 31 2534 -
38 2492 41 2498 .
14 2249 48 2476 *ufsslf'aef-‘ffiss'ff‘

69 0 76 10 ⁴
119 17 123 24 4
132 9 136 18 ι

16 116 23 130 υ
55 129 61 137 ο

19 145 24 158 1
38 144 43 156 ἱ

17 213 48 238 ,³

34 286 44 296 ,

26 372 39 384 οἱ

15 499 19 508 ἱ
35 475 44 487 U

28 689 41 707 ἰ

31 716 46 741 ‚⁶⁶

22 789 44 813 §.⁴¹

13 912 42 953 p:-

13 937 46 1038 ἓ

22 1036 40 1059 a

13 1020 36 1134 ξ,
69 1107 72 1111 .

13 1127 54 1163 sas·

13 1156 39 1246 i

13 1468 36 1515 ¹}-

13 1516 43 1593 Ξιῒ.

13 1710 37 1783 3

13 1790 29 1835 ἓ

13 1908 41 1947 3³

14 2226 35 2249 «ἢ

205 262 270 325 326
546 261 650 342 Caput
673 265 801 325 sextum

202 438 290 550 Hoc
313 459 441 520 quoquc
469 438 510 515 ad
533 439 749 520 poenitentiae
772 458 863 504 verae
893 438 1140 520 descriptionem

275 530 422 610 pertinet.
477 528 540 601 Qui
567 529 656 590 enim
683 528 762 591 dicit
791 548 824 592 se
853 528 932 591 velle
955 529 1071 591 reverti
1101 528 1141 591 ad

203 619 382 693 dominum,
407 618 526 680 fatetur
549 616 636 696 quod
659 636 679 679 a
701 616 832 679 domino
855 616 1044 681 discesserit.
1092 617 1141 680 Sic

202 707 301 786 igitur
331 706 466 769 damnat
493 706 626 768 ecclesia
652 706 783 769 collecta
809 726 851 767 ex
872 706 1016 787 reliquiis
1045 707 1142 769 Israel

202 816 268 859 uno
291 796 387 859 verbo
403 814 516 858 omnes
539 794 643 858 cultus
659 800 692 857 et
714 794 867 859 sacrificia
882 795 1000 871 omnia,
1025 796 1143 875 quibus

203 884 361 947 hactenus
383 891 434 947 est
454 903 522 947 usa.

293 973 355 1036 Sed
383 973 544 1053 quomodo
578 972 746 1037 revertitur
780 972 822 1034 ad
856 972 1047 1034 dominum?
1093 973 1147 1036 Sic

203 1062 367 1139 nimirum,
392 1062 479 1143 quod
495 1083 561 1125 non
576 1081 651 1124 suas
667 1061 885 1140 cogitationes,
909 1081 976 1123 non
991 1062 1147 1125 mandata

204 1172 336 1215 suorum
365 1152 563 1233 principum,
594 1172 661 1213 non
674 1216 679 1221 ,
692 1150 840 1231 exempla
861 1149 1056 1227 vicinorum,
1090 1151 1147 1213 sed

203 1242 312 1322 ipsum
335 1242 470 1305 verbum
497 1240 654 1321 sequitur,
685 1259 721 1302 ac
745 1239 849 1302 cultus
871 1239 907 1300 in
929 1240 1026 1302 verbo
1057 1260 1146 1303 man·

204 1330 296 1392 datos
319 1331 443 1393 retinet.
495 1323 617 1411 lSupra
638 1335 748 1392 autem
769 1327 978 1403 ostendimus,
1002 1328 1061 1408 qui
1082 1329 1148 1392 sint

204 1419 272 1482 veri
299 1417 417 1495 cultus,
451 1438 568 1498 nempe
599 1417 784 1481 obedientia
814 1436 888 1496 erga
915 1417 1033 1497 legem,
1071 1438 1148 1481 cum

205 1506 403 1568 confessione
420 1507 552 1586 peccati.
577 1507 701 1569 Deinde
717 1505 806 1582 fidae,
828 1525 911 1585 quae
931 1506 1147 1587 apprehendit

203 1594 343 1657 hostiam
370 1594 546 1670 Christum,
578 1615 615 1657 ac
644 1596 757 1659 statuit
786 1594 874 1675 quod
901 1594 1003 1676 ipsius
1029 1596 1147 1659 merito

204 1702 316 1746 sumus
338 1682 416 1746 iusti
438 1689 470 1746 et
493 1684 554 1745 deo
569 1685 773 1747 reconciliati.
821 1683 892 1745 Etsi
915 1688 1032 1760 autem,
1058 1684 1148 1764 quod

204 1772 246 1833 ad
268 1778 435 1834 extemam
457 1773 541 1837 vitae
565 1773 722 1835 rationem
745 1773 869 1848 attinet,
893 1792 1013 1852 magna
1027 1774 1145 1837 officio-

204 1882 277 1923 rum
299 1862 436 1926 varietas
459 1867 520 1938 est,
545 1868 656 1925 tamen
679 1882 717 1923 ea
739 1880 867 1942 quoque
890 1861 932 1923 ad
955 1860 1147 1943 decalogum

203 1950 370 2013 referenda
410 1956 501 2027 sunt,
545 1970 583 2013 ae
617 1950 734 2013 sentiet
768 1970 801 2012 sc
827 1950 1049 2032 unusquisque
1085 1952 1146 2015 deo

205 2040 360 2117 serviisse,
386 2060 461 2101 cum
482 2039 644 2103 vocationi
667 2039 772 2102 servit.

292 2130 406 2208 Itaque
428 2150 495 2191 non
518 2131 623 2192 solum
643 2129 877 2192 confessionem
899 2129 1145 2210 praeteritorum

204 2221 408 2297 peecatorum
422 2218 502 2280 haec
524 2218 622 2287 ,verba
636 2217 816 2294 includunt,
841 2217 928 2298 quod
940 2217 1025 2280 dicit
1049 2221 1143 2281 eccle-

204 2304 252 2366 sia
267 2324 301 2366 se
323 2325 521 2368 reversuram
536 2305 578 2367 ad
594 2305 773 2382 dominum,
787 2306 855 2384 ,sed
870 2307 968 2370 etiam
983 2307 1145 2386 insignem

203 2393 356 2456 fiduciam
377 2394 613 2458 misericordiae
631 2401 664 2458 et
686 2395 799 2457 anxilii
819 2395 1001 2459 ostendunt.
1041 2397 1145 2460 Nemo

126 2553 135 2565 s
205 2484 292 2544 enim
315 2484 350 2545 in
365 2485 506 2565 periculo
529 2504 587 2547 suo
610 2484 760 2546 edilium
779 2485 932 2564 confugit,
958 2504 1143 2565 aquo-me-

204 2573 268 2634 tuit
283 2574 415 2635 malum.
460 2573 538 2636 Ideo
554 2573 645 2636 addit
661 2572 806 2636 ecclesia:
831 2575 905 2654 Ipse
921 2571 1056 2654 diripuit
1075 2594 1142 2649 nos,

205 2660 261 2720 sed
285 2662 412 2722 sanabit
437 2682 583 2740 quoque,
615 2662 795 2724 vulneravit
822 2682 897 2738 nos,
928 2661 984 2724 sed
1012 2663 1146 2726 vulnera

184 2766 335 2825 squeque
352 2749 515 2826 obligabit,
541 2768 598 2811 seu
615 2750 743 2812 sanabit
758 2751 930 2831 emplastro
946 2744 1141 2831 impositio²

204 2834 243 2895 Id
273 2835 360 2897 enim
391 2837 550 2916 significat
577 2839 711 2901 verbum
743 2839 914 2914 ,Habasch‘
944 2859 1010 2901 non
1039 2840 1145 2920 potuit

206 2930 315 2986 autem
337 2926 496 3007 propheta
520 2925 674 2989 fiduciam
702 2926 937 2990 misericordiae
964 2928 1142 3008 significan·

204 3013 269 3076 tius
300 3015 475 3078 ostendere.
523 3015 575 3078 Sic
603 3015 692 3078 enim
715 3022 831 3078 natura
854 3017 1007 3093 solemus,
1038 3037 1057 3078 a
1082 3037 1144 3097 quo

204 3101 315 3183 plagas
338 3104 388 3165 vel
415 3105 591 3185 accipimus
619 3105 671 3169 vel
693 3105 883 3181 metuimus,
913 3124 988 3166 eum
1016 3105 1144 3169 odimus

205 3195 238 3252 et
260 3190 412 3270 fugimus.

295 3279 389 3354 Quod
404 3281 502 3360 igitur
524 3282 656 3346 eeclesia
672 3303 713 3344 ex
735 3282 877 3362 reliquiis
893 3282 991 3344 Israel
1014 3285 1145 3346 collecta

205 3374 279 3450 post
307 3376 452 3450 acceptas
481 3372 607 3452 plagas,
645 3376 755 3434 tamen
785 3371 919 3434 confidit
945 3371 1045 3434 deum
1074 3373 1140 3434 alla·

204 3464 314 3520 turum
337 3479 432 3540 opem
462 3465 495 3522 et
522 3466 710 3522 sanaturum
739 3461 885 3536 vulnera,
917 3461 978 3522 hoc
1009 3461 1136 3524 eximia

205 3545 341 3609 fiduciae
365 3548 493 3627 signum
514 3555 570 3625 est,
595 3550 687 3612 cuius
709 3549 744 3611 in
766 3548 875 3611 liberis
897 3548 980 3611 bene
1001 3549 1133 3613 edueati

295 3737 323 3806 1)
342 3740 411 3793 Veri
429 3740 530 3794 cultus.
566 3740 594 3808 2)
614 3740 732 3794 Fiducia
751 3739 970 3794 misericordiae.
