2575 4225
214 257 282 321 330
557 258 662 362 Caput
685 204 813 320 sextum

304 435 376 497 Non
391 440 501 497 autem
520 453 601 515 opus
617 440 666 497 est
686 434 807 497 solicite
823 433 994 513 inquirere,
1019 452 1076 495 cur
1091 453 1157 496 non
1283 420 1285 485 l

213 524 293 587 satis
316 524 359 586 sit
380 523 555 604 prophetae
579 522 714 585 dixisse:
743 522 849 584 Tertia
871 521 924 584 die
947 542 1075 601 surgere
1098 542 1156 584 nos

214 612 327 687 faciet,
359 611 416 673 sed
443 611 542 673 etiam
570 602 662 673 addit
692 611 732 673 de
760 610 874 672 biduo:
914 612 990 673 Post
1018 610 1159 673 biduum

213 699 389 764 vivificabit
417 720 485 763 nos.
537 700 624 764 Etsi,
641 700 730 761 enim
757 704 882 781 poterat
912 699 990 776 dici,
1027 701 1158 763 tertiam

214 789 302 851 diem
325 795 357 851 et
371 793 445 870 post
458 788 597 851 biduum
611 787 700 854 idem
715 808 792 865 esse,
817 794 874 851 aut
889 789 1003 851 saltem
1018 788 1158 852 biduum

212 877 337 940 includi
359 878 395 941 iu
410 878 538 940 tertiam
553 878 650 954 diem,
675 882 785 939 tamen
800 878 883 939 nihil
898 878 1057 958 prohibet,
1082 897 1158 939 cum
1190 940 1193 945 ,

212 966 249 1029 hi
272 966 337 1029 duo
353 967 478 1029 articuli
500 967 576 1029 fidei
599 972 725 1030 nostrae
741 966 892 1029 destined
915 966 995 1029 sint:
1020 964 1157 1029 Descen3

214 1054 263 1118 dit
284 1054 327 1117 ad
349 1056 490 1132 inferna,
521 1062 553 1119 et
575 1056 669 1119 tertia
692 1055 744 1117 die
767 1056 953 1131 resurrexit,
982 1055 1045 1117 hoc
1069 1056 1159 1136 quod

212 1144 254 1206 de
273 1143 373 1207 biduo
388 1145 476 1221 dicit,
499 1145 671 1207 transferre
687 1143 729 1206 ad
744 1143 934 1205 descensum
957 1143 999 1205 ad
1017 1144 1156 1221 inferna,

212 1239 338 1314 oportet
366 1234 454 1296 enim
485 1233 573 1296 credi
599 1234 688 1295 hunc
716 1233 906 1295 descensum
935 1232 1036 1295 fuisse
1067 1234 1158 1296 aliud

213 1321 379 1401 quiddam,
404 1342 504 1402 quam
526 1322 613 1402 quod
636 1322 780 1402 sepultus
804 1327 860 1384 est.

213 1486 216 1489 ἦ
307 1405 368 1472 ¹Et
382 1410 493 1472 Petrus
515 1411 604 1472 hunc
623 1410 813 1473 descensum
841 1408 968 1473 videtur
984 1411 1156 1492 explicare,

214 1517 289 1560 cum
304 1497 384 1559 dicit
409 1499 438 1560 1.
455 1500 521 1561 Pet.
539 1496 589 1560 3.*
624 1499 788 1561 Christum
802 1519 861 1580 pro
880 1500 1021 1580 peccatis
1037 1501 1158 1563 nostris

211 1592 393 1663 mortuum,
422 1587 545 1649 iustum
575 1608 633 1668 pro
656 1588 803 1665 iniustis,
835 1592 872 1650 ut
901 1608 959 1651 nos
979 1588 1026 1651 ad
1057 1588 1159 1651 deum

212 1674 394 1751 adduceret,
422 1676 651 1739 mortificatum
674 1676 806 1757 quidem
830 1696 933 1752 earne,
957 1677 1159 1741 vivificatum

213 1770 322 1845 autem
345 1764 470 1846 spiritu.
517 1765 587 1838 Quo
611 1766 732 1841 ethis,
762 1766 820 1845 qui
842 1765 877 1827 in
905 1785 1028 1828 carcere
1052 1773 1155 1843 erant,

211 1854 330 1936 spiritu
354 1855 486 1919 veniens
514 1854 722 1935 praedicavit,
754 1855 811 1934 qui
837 1854 996 1916 increduli
1025 1855 1158 1920 fuerant

211 1942 400 2022 aliquando,
431 1942 562 2023 quando
592 1943 821 2023 expectabatur
851 1942 903 2005 dei
932 1944 1095 2023 pacientia
1120 1946 1157 2009 in
1283 1992 1285 2005 .

211 2031 327 2093 diebus
349 2032 451 2108 Noae,
484 2051 558 2094 cum
587 2032 796 2095 fabricaretur
826 2050 908 2093 arca.
953 2032 1018 2094 Hic
1041 2034 1156 2097 Petrus

210 2120 294 2182 clare
318 2120 404 2197 dicit,
429 2142 496 2184 non
518 2123 623 2184 solum
647 2121 832 2203 apparuisse
853 2121 1017 2185 Christum
1041 2122 1155 2208 defun3
1269 2107 1278 2122 '⁸

211 2208 271 2270 ctis
300 2209 446 2288 patribus
475 2216 508 2272 et
544 2211 737 2291 patrarchis‚
778 2229 916 2290 quorum
948 2211 1018 2273 sine
1054 2211 1155 2276 dubio

212 2296 356 2359 Christus
379 2298 517 2377 aliquos,
542 2317 616 2360 cum
638 2305 830 2378 resurgeret,
855 2319 965 2363 secum
988 2300 1030 2362 ad
1052 2301 1155 2365 vitam
1282 2279 1285 2322 ⁵

210 2391 376 2448 aeternam
398 2387 562 2464 excitavit,
593 2387 772 2451 sedetiam
795 2388 965 2468 aliquibus,
995 2389 1060 2470 qui,
1075 2396 1155 2462 tem·

211 2495 288 2555 pore
310 2475 397 2538 Noae
424 2497 491 2540 non
514 2476 732 2554 crediderunt,
763 2496 801 2539 ac
828 2483 1077 2558 expectaverunt
1099 2500 1153 2560 pa·

210 2563 363 2625 cientiam
378 2564 440 2640 dei,
463 2566 526 2628 hoc
549 2571 606 2642 est,
631 2566 689 2646 qui
701 2571 874 2647 sperarunt
895 2566 994 2628 deum
1017 2587 1085 2630 non
1108 2569 1154 2630 sic

211 2650 333 2712 duritm
356 2659 574 2730 grassaturam
596 2654 632 2715 in
655 2655 837 2717 universam
861 2673 1004 2732 carnem,
1029 2656 1154 2737 praedi-

210 2757 315 2813 casse,
346 2745 384 2800 ut
406 2747 613 2819 agnoscerent
639 2743 702 2805 sibi
732 2763 789 2824 per
812 2743 930 2806 Christi
961 2745 1155 2808 sacrificium

210 2833 343 2908 peecata
370 2828 551 2892 condonata
574 2848 651 2892 esse.
700 2831 928 2913 Complectitur
958 2833 1057 2912 igitur
1084 2855 1154 2915 pro·

210 2917 310 2997 pheta
337 2918 460 2980 hocin
489 2918 559 2982 loco
590 2919 756 2982 ecclesiam
787 2921 934 2983 omnium
957 2927 1153 3004 temporum,

210 3005 273 3067 hoc
296 3011 361 3083 est,
390 3026 457 3069 non
480 3028 552 3070 eam
574 3009 692 3085 solum,
722 3029 804 3088 quae
832 3011 892 3072 sub
922 3010 992 3090 lege
1016 3017 1049 3074 et
1079 3021 1156 3094 post

210 3094 324 3172 legem,
349 3095 405 3158 sed
429 3096 528 3158 etiam
551 3117 632 3176 quae
656 3103 731 3160 ante
755 3098 913 3160 diluvium
936 3100 1053 3163 extitit.
1097 3096 1108 3108 “

300 3184 395 3257 Quod
422 3184 515 3248 dicit:
553 3184 720 3249 Vivemus'¹
742 3187 898 3266 ,Lipanaf‘
931 3192 1006 3250 ante
1034 3189 1155 3252 faciem
1233 3183 1236 3188 ’

209 3271 296 3348 eius,
325 3273 386 3335 etsi
408 3273 508 3353 aliqui
529 3275 672 3337 referunt
695 3274 736 3336 ad
759 3275 859 3337 vitam
881 3275 1010 3356 piorum
1032 3277 1069 3340 in
1091 3280 1155 3342 hoc

85 3434 90 3440 .
184 3438 189 3442 g
210 3362 326 3437 seculo,
350 3367 460 3424 tamen
484 3368 568 3425 certo
583 3363 721 3426 includit
736 3369 899 3426 aeternam
916 3365 1026 3441 vitam,
1053 3387 1128 3447 quar

299 3551 326 3620 1)
346 3554 437 3607 Locus
456 3553 534 3608 Petri
553 3554 588 3607 de
607 3554 747 3609 descensu
768 3551 877 3634 Christi
895 3555 932 3609 ad
950 3555 1069 3611 inferos.

1071 3667 1124 3676 —.

772 3689 780 3702 ,

298 3727 324 3796 ⁸)
343 3730 379 3783 In
396 3746 484 3796 marg.
505 3732 566 3785 coll.
585 3733 658 3786 len:
679 3732 701 3785 1.
722 3733 781 3786 Pet.
801 3731 826 3785 3.
918 3729 921 3735 '
