2575 4225
433 268 560 333 Hoaeae
582 270 768 352 prophetae.
1008 269 1075 335 353

132 445 220 558 Hm
257 445 327 510 sinc
363 446 467 526 figura
494 444 588 523 dicit,
622 445 715 549 guod
744 444 912 551 saprade
940 448 1010 527 igni
1039 448 1075 511 in

160 627 166 640 .
194 535 335 639 'fornace
371 534 521 612 ardenta,
560 542 593 599 et
618 554 730 618 rpsum
757 542 913 617 pistorem
942 543 1075 601 vorante

130 625 447 776 druthbfflmdi
478 716 587 778 autem
613 713 676 775 hoo
701 712 737 775 in
766 713 836 777 loeo
859 719 936 777 sunt
958 713 1075 795 gradus

131 802 321 883 impietatis.
357 794 520 865 'Primum
542 807 601 877 est,
624 800 713 881 quod
728 800 883 865 idolatrae
897 803 995 866 verbo
1010 824 1076 867 non

16 938 17 947 ,
129 891 359 971 acquiescunt,
387 889 444 953 sed
474 895 596 971 quanto
624 889 705 953 deus
735 909 793 971 per
821 891 995 973 prophetas
1023 912 1076 957 eos

16 1017 18 1057 ὲ
129 985 246 1044 monet
268 978 468 1059 diligentius,
496 984 589 1042 tanto
610 978 676 1060 ipsi
697 980 921 1043 vehementius
947 980 982 1043 in
1010 978 1076 1047 ido-

16 1128 17 1133 ,
131 1068 263 1132 haiam
297 1068 501 1133 incumbunt.
553 1068 626 1131 Hoc
661 1071 831 1148 peecatum
859 1086 935 1132 suae
970 1088 1077 1135 eonse-

16 1183 17 1186 ¹
132 1162 280 1238 quuntur
305 1176 444 1240 poenae,
474 1175 551 1218 nam
574 1162 607 1219 et
628 1155 751 1219 iudices
766 1160 807 1237 et
833 1174 923 1237 reges
946 1157 1075 1235 cadunt,

14 1246 16 1313 ζ
129 1266 172 1309 ac
194 1245 336 1327 populns
358 1264 378 1307 a
399 1245 515 1309 vicinis
536 1244 687 1325 gentibus
710 1243 870 1325 diripitur.
1033 1307 1035 1322 ,

14 1325 16 1376 3
178 1359 190 1371 ·
228 1328 393 1405 ³Alterum
427 1339 595 1416 peccatum
629 1339 693 1410 est,
740 1332 828 1413 quod
863 1334 947 1397 sicut
980 1332 1077 1398 deum

14 1421 16 1498 ἓ
131 1424 238 1487 amice
268 1443 326 1504 per
352 1424 488 1486 verbum
516 1428 686 1487 vocantem
714 1442 781 1485 11011
812 1422 1002 1500 audiebant,
1033 1425 1080 1489 ita

133 1532 194 1575 nec
217 1518 332 1575 curant
346 1512 554 1593 affligentem.
601 1512 747 1591 lingunt
761 1510 840 1574 aliae
864 1531 976 1575 causas
999 1514 1078 1577 cala·

13 1604 16 1686 f
129 1601 286 1665 mitatum
318 1619 417 1681 quam
451 1600 634 1663 idolatriam
665 1619 767 1665 suam.
822 1600 913 1664 Sicut
944 1598 1075 1667 Esaiam

13 1691 15 1764 ξ
131 1710 265 1771 quoque
289 1690 433 1770 queritur
454 1690 490 1751 in
516 1691 544 1751 1.
562 1690 676 1771 capite,
701 1689 860 1771 populum
883 1709 950 1752 non
964 1692 1081 1765 reverti

13 1775 15 1816 ³
132 1778 177 1842 ad
192 1779 427 1861 percutientem
449 1798 493 1841 se.
540 1778 625 1857 Ergo
641 1776 740 1841 etiam
763 1777 825 1839 hae
842 1778 877 1839 in
893 1784 983 1859 parte
1007 1799 1078 1842 oon·

13 1901 15 1940 3
131 1868 246 1931 silium
276 1867 330 1931 dei
358 1868 477 1931 frustra
509 1872 566 1930 est.
617 1866 708 1930 Siout
736 1866 824 1928 enirn
858 1886 916 1947 per
945 1867 1079 1931 verbum

13 1955 15 2004 ἵ
131 1957 176 2020 ab
207 1956 357 2022 idolatria
378 1956 506 2019 volebat
534 1974 587 2018 eos
611 1954 784 2031 abducere,
813 1954 860 2017 ita
890 1972 1019 2036 quoque
1043 1976 1080 2021 eo

133 2046 270 2109 consilio
285 2045 434 2108 immittit
447 2064 568 2127 poenas
584 2043 673 2126 deus,
696 2048 734 2106 ut
748 2050 925 2124 agnoscant
939 2050 1079 2130 peccata,

12 2148 16 2231 t
132 2141 169 2198 et
195 2155 253 2217 per
282 2136 515 2217 poeniteutiam
542 2133 678 2196 redeant
712 2133 748 2198 in
776 2133 872 2196 viam.
926 2133 988 2198 Sed
1022 2135 1081 2198 ubi

12 2236 16 2281 1
135 2243 197 2287 nec
223 2224 345 2302 verbis,
380 2243 439 2286 neo
470 2221 657 2286 verberibus
692 2220 872 2303 quidquam
906 2224 1078 2304 proficitur,

12 2384 16 2405 ι
129 2308 217 2394 ¹quid
241 2313 330 2378 aliud
353 2312 473 2394 sperari
495 2317 610 2393 potest·
625 2329 725 2390 quam
747 2311 905 2382 vastitas?

12 2408 15 2431 ³
232 2395 351 2467 5Docet
375 2401 474 2482 igitur
501 2400 556 2462 hic
577 2400 667 2462 locus
691 2398 731 2461 de
754 2399 887 2462 consilio
916 2399 983 2477 dei,
1016 2421 1081 2483 quo

13 2484 16 2565 ἐ,
133 2490 236 2573 punit
248 2496 390 2574 peccata,
415 2510 481 2553 non
503 2488 592 2551 enim
614 2489 678 2553 hoc
698 2488 775 2567 agit,
799 2493 838 2550 ut
858 2494 989 2570 propter
1011 2510 1081 2572 pec·

13 2567 15 2606 ²
137 2585 249 2643 catum
264 2599 323 2641 nos
346 2578 485 2654 abijciat,
510 2583 543 2641 et
557 2576 700 2640 damnet.
746 2577 885 2640 Revooat
898 2577 961 2640 hoc
982 2580 1079 2642 modo

12 2688 15 2753 3
133 2667 181 2732 ad
202 2668 447 2751 poenitentiam,
475 2672 513 2730 ut
534 2685 695 2728 cessemus
719 2685 739 2727 a
760 2666 855 2742 malo,
880 2672 914 2729 et
933 2673 973 2732 ut
993 2668 1080 2733 invo-

135 2776 249 2820 cemus
276 2776 361 2822 eum.
407 2757 497 2818 Haeo
523 2755 611 2818 enim
636 2755 692 2817 via
718 2759 782 2831 est,
815 2774 880 2834 qua
906 2757 1082 2821 occurritur

12 2846 16 2913 l
131 2845 204 2918 irae
220 2844 283 2921 dei,
300 2844 328 2908 si
343 2865 419 2908 eum
433 2844 575 2908 oratione
588 2843 822 2923 coniungamus
837 2845 1080 2925 poenitentiam.

229 2933 292 2998 Sed
315 2934 395 3014 quid
417 2934 541 2996 faciunt
557 2931 735 2996 idolatrae?
780 2931 890 3012 Etiam
912 2951 987 2995 cum
1009 2953 1080 3016 poe·

132 3043 198 3087 nas
222 3023 380 3100 sentiunt,
408 3043 475 3085 non
503 3025 652 3085 statuunt
682 3040 734 3083 eas
757 3019 799 3081 ab
825 3020 906 3082 irato
934 3021 994 3086 deo
1024 3022 1081 3085 im·

13 3136 15 3189 ρ
137 3112 237 3174 mitti.
283 3110 398 3192 Itaque
427 3131 494 3174 non
515 3111 674 3173 invocant
700 3109 814 3184 deum,
844 3109 901 3171 sed
930 3107 1083 3177 invocant

13 3202 15 3217 '
137 3200 229 3264 idola
259 3219 327 3263 sua.
377 3197 732 3274 Invocant‘homines,
772 3217 910 3277 quorum
937 3203 1082 3281 potentia

13 3284 15 3351 l
134 3295 273 3371 sperant
288 3308 321 3352 se
344 3308 504 3369 emergere
519 3307 612 3370 posse
627 3306 670 3348 ex
685 3286 920 3352 calamitatibus
936 3308 1082 3370 praesen-

231 3498 259 3567 1)
292 3497 405 3553 Gradus
428 3500 611 3566 peecatorum
640 3497 673 3551 in
703 3497 843 3552 idolatria.
881 3496 909 3564 2)
941 3497 965 3551 1.
1008 3497 1037 3566 3)
1056 3497 1083 3553 2.

157 3572 168 3623 'r
187 3571 256 3624 Esa.
269 3570 310 3623 1.·
346 3570 374 3637 5)
394 3569 457 3634 Quo
474 3569 595 3623 oonsilio
612 3569 715 3636 puniat
734 3569 805 3622 deus
822 3571 947 3636 peccata.

233 3748 258 3816 ·)
278 3749 367 3803 Deest
384 3749 416 3802 in
434 3750 497 3804 coll.
515 3748 607 3802 Vuitt.
798 3797 802 3802 .

182 3847 272 3889 Luthcri
286 3858 334 3898 opp.
348 3850 432 3898 exesor.
460 3847 508 3889 Vol
521 3846 598 3887 XXIV.
888 3836 922 3890 23
