2575 4225
441 276 568 340 Hoseae
591 277 775 358 prophetae.
875 254 881 261 ⁸
1014 277 1077 342 329

138 446 256 515 riuth.¹
284 451 378 514 dicit:
417 451 449 513 Si
473 452 618 516 Christus
644 453 848 535 praedicatur
869 454 1079 519 resurrexisse

139 540 319 618 amortuis,
344 542 506 621 quomodo
522 543 635 606 dicunt
658 543 792 623 quidam
814 544 1079 607 resurrectionem

138 634 339 692 mortuorum
362 630 445 692 nihil
467 634 559 694 esse?
603 633 703 695 Item:
729 632 874 695 Christus
896 633 1077 709 resurrexit,

139 724 170 782 te
185 718 291 781 factus
307 724 356 781 est
370 712 531 799 primitiae
546 719 786 797 dormientium,
811 721 889 801 quia
902 742 960 803 per
974 742 1078 783 unum

138 808 307 871 hominem
333 827 437 884 mors,
473 814 506 872 et
533 829 591 890 per
617 828 722 871 unum
750 810 917 873 hominem
945 830 1078 873 resurre-

10 885 14 966 ,⁵
138 896 204 958 ctio
232 902 432 959 mortuorum
457 898 556 984 venit.
595 897 686 961 Siout
707 898 795 961 enim
816 919 874 980 per
885 898 991 961 Adam
1014 920 1078 961 om·

139 1004 197 1047 nes
218 985 416 1061 moriuntur,
439 985 487 1047 ita
507 986 756 1051 vivificabuntur
778 1007 890 1050 omnes
913 1008 969 1069 per
992 988 1078 1049 Chri·

139 1079 236 1161 stum.
282 1074 373 1137 Haec
402 1076 579 1139 sententiae
624 1076 800 1139 ostendunt
817 1076 958 1139 fructum
979 1096 1077 1139 resur-

139 1161 291 1225 rectionis
302 1162 421 1226 Christi
430 1165 519 1229 hunc
526 1184 604 1251 esse,
617 1170 655 1227 ut
666 1184 725 1227 nos
737 1184 865 1245 quoque
876 1184 1079 1245 resurgamus

139 1257 172 1313 11
193 1252 350 1315 vivamus.

201 1355 204 1359 ·
227 1341 342 1420 Itaque
370 1342 528 1422 propheta
548 1348 633 1405 recte
656 1348 762 1406 mutat
783 1360 945 1424 personas,
973 1342 1078 1405 (111111-

138 1428 219 1491 dum
241 1430 331 1491 enim
345 1436 425 1494 erat:
451 1429 596 1494 Christus
618 1431 831 1496 vivificabitur
846 1436 920 1513 post
941 1431 1078 1494 biduum

139 1524 171 1581 et
192 1518 289 1581 111111
311 1518 363 1580 (111
383 1524 534 1599 resurget.
577 1520 667 1583 Sicut
685 1516 815 1583 Petrus*
830 1521 917 1596 dicit,
941 1520 1077 1585 vivifica-

137 1612 210 1669 tum
225 1606 350 1688 spiritu,
374 1628 452 1670 nam
474 1609 521 1671 ita
541 1609 665 1685 accidit,
690 1615 727 1672 ut
742 1609 886 1673 Christus
910 1610 1004 1671 tertia
1027 1610 1079 1672 die

139 1700 333 1775 resurgeret,
369 1702 403 1759 11
431 1698 589 1779 propheta
622 1698 745 1777 inquit,
782 1718 841 1760 nos
870 1697 1079 1762 vivificandos

139 1790 212 1864 post
226 1784 375 1861 biduum,
399 1791 432 1848 et
453 1786 547 1849 tertia
562 1786 623 1862 (111,
648 1805 713 1866 quo
729 1786 874 1849 Christus
896 1788 1077 1863 resurrexit,

139 1878 379 1937 resurrecturos.
425 1874 527 1955 quue
549 1875 636 1952 ideo,
665 1876 742 1955 quia
764 1875 852 1936 enim
874 1880 1004 1954 peccato
1027 1874 1078 1937 de·

138 1961 236 2024 mersi
257 1962 294 2024 in
315 1968 462 2040 mortem,
486 1970 641 2045 perpetuo
664 1983 791 2025 eramus
814 1963 850 2025 in
872 1967 975 2026 morte
990 1983 1079 2025 man·

139 2051 221 2128 suri,
250 2051 334 2115 fiiios
357 2051 410 2116 dei
433 2058 542 2116 nostra
564 2058 695 2135 peccata
722 2052 758 2115 in
780 2072 814 2120 se
836 2052 1015 2130 transtulit,
1047 2058 1080 2117 et

139 2161 198 2222 pro
221 2141 268 2202 eis
295 2141 450 2204 satisfecit
477 2142 514 2204 in
541 2161 642 2204 cruce.
695 2144 742 2204 Ac
770 2146 882 2223 postea
912 2161 1079 2222 resurgens

139 2235 277 2292 mortem
305 2249 404 2310 quam
437 2250 496 2311 pro
529 2230 624 2294 nobis
655 2223 800 2307 obierat,
824 2231 917 2296 vicit„
965 2231 1080 2310 Itaque

139 2338 198 2382 nos
221 2324 293 2381 tum
315 2339 478 2400 resurgere
507 2326 539 2382 11
560 2320 667 2384 vivere
689 2320 863 2401 coepimus,
896 2339 970 2382 cum
993 2319 1078 2380 Chri-

139 2414 208 2471 stus
223 2414 410 2488 resurgeret,
434 2428 582 2489 pereum
600 2409 689 2472 enim
712 2415 820 2472 nostra
834 2427 920 2470 mors
944 2408 1078 2483 devicta,

140 2504 172 2560 et
193 2497 270 2571 vita,
294 2516 394 2576 quam
415 2498 635 2573 amiseramus,
660 2496 786 2558 reddita
808 2503 865 2560 est.

230 2586 346 2648 Danda
368 2591 476 2648 autem
496 2586 633 2666 diligens
657 2605 754 2666 opera
776 2590 852 2660 erat,
877 2589 914 2646 ut
929 2584 971 2646 ad
993 2585 1081 2646 hunc

141 2673 276 2737 modum
298 2675 562 2737 resurrectionem
578 2675 698 2738 Christi
719 2673 813 2736 nobis
837 2673 1079 2754 applicaremus,

140 2769 178 2825 ut
204 2782 281 2824 cum
309 2763 417 2839 audis,
453 2763 617 2827 Christum
647 2764 742 2827 tertia
777 2762 829 2824 die
862 2763 1079 2838 resurrexisse,

142 2857 227 2914 certo
251 2857 374 2914 statuas
402 2858 434 2914 11
457 2872 523 2914 una
551 2872 626 2915 cum
649 2853 720 2932 ipso
742 2851 965 2926 resurrexisse,
999 2851 1083 2913 sicut

17 3002 23 3017 ,
140 2959 251 3004 revera
264 2946 323 3016 est,
347 2960 534 3020 quanquam
548 2941 695 3004 nondum
711 2941 885 3002 revelatum
900 2945 957 3000 est.
1003 2937 1081 3000 Ideo

142 3023 388 3107 1111111Ρ11111112
420 3029 583 3092 Christum
609 3034 702 3093 vocat
730 3027 889 3107 primitias
924 3026 1080 3089 dormien-

141 3119 241 3194 tium,
275 3117 364 3198 quod
390 3117 514 3199 primus
543 3119 579 3181 in
607 3118 708 3181 vitam
735 3116 878 3197 seipsum
908 3135 949 3178 ex
978 3120 1081 3177 morte

142 3207 308 3283 excitavit,
338 3212 371 3269 11
398 3227 457 3269 nos
484 3227 560 3269 eum
583 3205 723 3269 secuturi
749 3223 870 3267 sumus.
916 3205 964 3264 Ac
992 3203 1080 3278 dicit,

142 3296 236 3358 nobis
260 3315 280 3357 1
302 3295 363 3358 (110
378 3295 489 3358 datam
511 3297 676 3360 sictonam
696 3293 809 3357 mortis
833 3292 1003 3374 etpeccati
1025 3311 1083 3372 per

150 3384 316 3448 rhristum.

231 3542 259 3609 1)
281 3542 304 3594 1.
326 3540 389 3595 Cor.
409 3540 451 3594 15.
488 3540 517 3608 2)
537 3541 560 3592 1.
582 3538 644 3594 Cor.
664 3539 740 3592 15³·

232 3683 258 3752 ⁶)
283 3684 320 3737 In
337 3699 427 3748 marg.
450 3683 513 3736 coll.
531 3683 607 3736 Ien:
627 3682 652 3734 1.
671 3682 730 3734 Pet.
750 3680 775 3733 3.
818 3678 858 3745 “)
885 3677 920 3729 In
942 3677 1003 3730 coll.
1022 3677 1083 3730 Ien.

173 3756 257 3822 Γ111111
286 3754 311 3807 1.
332 3752 395 3808 Cor.
416 3753 458 3806 13.
