2575 4225
859 279 1111 341 Hoseae
1156 280 1527 361 prophetae.
2001 284 2037 340 4
2049 284 2081 340 si
2093 283 2125 340 Τ

247 458 571 536 integram
647 456 1080 536 poenitentiae
1146 457 1423 520 formam
1496 457 1700 521 voluit
1766 457 1888 518 hac
1953 458 2133 520 brer-*i

250 546 556 609 concione
617 546 973 626 complecti.
1066 545 1253 628 Nunc
1298 546 1465 609 redit
1518 546 1602 608 ad
1659 546 2129 625 obiurgandum

248 636 568 715 populum
643 653 835 696 suum
902 635 1007 697 his
1068 636 1306 698 sanctis
1383 635 1933 698 admonitionibus
2001 656 2133 696 mm

250 723 783 803 acquiescentem.

340 897 519 1011 Snd
564 906 687 963 est
733 899 1071 962 Canaan.
1162 901 1255 962 In
1301 921 1540 963 manu
1586 901 1762 964 eius
1811 905 1933 963 est
1977 908 2125 964 sta

454 993 617 1051 tera
686 988 983 1065 dolosa,
1072 989 1362 1069 cupide
1442 990 1700 1052 infert
1765 989 2129 1050 iniurias.

342 1076 468 1139 Sic
506 1078 726 1140 enim
782 1076 990 1140 dicit
1033 1078 1450 1158 Ephraim:
1513 1079 1760 1142 Dives
1807 1097 1977 1140 sum
2025 1080 2129 1136 sn..-

342 1170 551 1243 ctus,
610 1166 878 1230 inveni
919 1166 1122 1234 mihi
1178 1187 1396 1247 opes,
1461 1187 1605 1229 nec
1663 1166 2133 1230 invenietur

340 1255 429 1317 in
474 1255 781 1317 cunctis
825 1255 1260 1318 laboribus
1304 1257 1505 1318 meis
1549 1256 1676 1319 vel
1733 1255 2133 1334 iniquitas

341 1343 464 1407 vel
510 1349 943 1425 peccatum.

126 1546 133 1556 ·
253 1516 492 1634 *Qvae
522 1539 725 1601 usque
771 1521 855 1584 ad
884 1522 1083 1584 finem
1122 1521 1351 1602 capitis
1383 1526 1757 1601 sequuntur,
1807 1527 1954 1602 apte
1985 1544 2133 1584 cum

322 1679 327 1683 .
420 1610 853 1690 superioribus
908 1611 1267 1673 cohaerent.
1367 1611 1707 1691 Proposuit
1765 1612 2133 1692 exemplum

252 1699 654 1779 patriarchae
708 1700 929 1776 Iacob,
1001 1700 1183 1762 cuius
1248 1719 1488 1761 nomen
1545 1699 1788 1778 impius
1856 1700 2133 1779 populus

251 1787 451 1849 Israel
496 1789 867 1868 usurpabat.
936 1788 1186 1850 Deinde
1233 1787 1431 1849 etiam
1474 1788 1763 1866 regulam
1809 1788 2129 1868 poeniteu-

253 1876 383 1937 tiae
414 1875 698 1952 tradidit,
745 1897 921 1939 nunc
951 1883 1169 1939 autem
1214 1881 1437 1938 contra
1467 1875 1767 1951 ostendit,
1817 1884 2129 1955 quantum

254 1964 733 2044 degeneraverit
760 1966 867 2027 hic
896 1966 1175 2046 populus
1204 1985 1245 2026 a
1275 1971 1495 2028 sancto
1525 1965 1906 2045 patriarcha,
1955 1964 2133 2024 cuius

254 2073 497 2115 nomen
541 2055 914 2136 usurpabat,
962 2059 1028 2117 et
1072 2074 1112 2117 a
1156 2073 1315 2117 sana
1359 2053 1666 2117 doctrina.
1729 2053 1958 2133 Itaque
2005 2074 2133 2113 rum

255 2144 541 2224 appellat
595 2144 873 2225 amplius
933 2144 1203 2206 domum
1246 2144 1441 2206 Iacob
1459 2192 1473 2219 ,
1523 2142 1638 2205 sed
1685 2143 1964 2219 Canaan,
1977 2137 1997 2173 ¹·
2069 2149 2137 2201 ut

254 2231 554 2294 ostendat
596 2234 912 2314 populum
955 2233 1155 2295 Israel
1199 2232 1405 2294 nihilo
1450 2231 1782 2294 meliorem
1828 2251 1966 2294 esse
2009 2233 2137 2293 inis

254 2320 575 2400 gentibus,
624 2341 786 2401 quas
829 2328 1093 2404 propter
1134 2321 1520 2403 multiplicia
1564 2326 1826 2401 peccata
1871 2321 2139 2382 eiecerat

255 2408 561 2474 dominus
606 2430 689 2471 ex
733 2417 917 2498 terra.
1010 2412 1105 2472 Ac
1151 2410 1338 2473 docet
1381 2409 1606 2472 ordine
1665 2410 1906 2489 negligi
1949 2409 2133 2470 benc-

255 2497 601 2574 ficentiam,
651 2500 978 2562 contemni
1006 2499 1341 2575 iudicium,
1391 2502 1457 2560 et
1483 2498 1894 2579 pertinaciter
1938 2517 2133 2578 pulm-

252 2587 393 2649 lum
437 2586 707 2650 retinere
752 2588 1113 2651 idolatricos
1159 2587 1390 2652 cultus.

433 2677 625 2739 Porro
697 2678 1084 2741 vocabulum
1140 2677 1401 2739 Canaan
1471 2680 1891 2738 mercatorem
1948 2673 2133 2753 signi-

255 2767 425 2829 ficat.
438 2759 463 2797 ²
562 2766 731 2828 Nota
789 2771 1007 2828 autem
1061 2771 1490 2829 mercatorum
1537 2764 1754 2827 studia
1799 2768 1977 2838 sunt,
2037 2783 2137 2821 [ru-

253 2855 604 2921 mulandae
633 2856 946 2936 pecuniae
994 2855 1154 2916 dant
1183 2874 1466 2935 operam,
1515 2872 1635 2916 nec
1664 2851 1853 2933 pensi
1895 2851 2141 2912 habeut

254 2945 393 3008 iure
440 2965 528 3005 an
570 2943 809 3007 iniuria
854 2944 1191 3007 ditescant.

444 3027 636 3095 ³Ideo
694 3034 1011 3116 propheta
1065 3031 1176 3094 hic
1236 3027 1421 3092 addit
1473 3028 1553 3091 de
1614 3033 1853 3091 statera
1874 3025 2137 3097 tdolusa,

199 3172 204 3176 .
258 3129 323 3185 et
366 3121 718 3203 cupiditate
750 3121 1045 3184 nocendi.
1108 3120 1277 3183 Nam
1322 3119 1492 3180 hanc
1535 3116 1866 3180 existimat
1909 3117 2057 3189 vulg
2065 3134 2141 3173 us

257 3211 577 3276 rationem
634 3210 1035 3290 quaerendae
1102 3214 1168 3272 et
1227 3207 1560 3288 augendae
1643 3206 1736 3269 rei
1803 3203 2137 3286 optimam,

260 3301 314 3363 si
372 3298 663 3381 pondera
718 3306 783 3362 et
837 3318 1172 3362 mensuras
1228 3297 1422 3361 viciet
1437 3345 1453 3373 ,
1525 3315 1602 3358 ac
1663 3294 1956 3357 incautos
2013 3313 2137 3353 ern-

438 3494 494 3562 1)
534 3491 782 3547 Oanaan.
856 3490 914 3560 2)
950 3490 1312 3545 Mer-catores.
1383 3488 1442 3555 3)
1479 3487 1703 3541 Statera
1739 3486 1951 3540 dolosa.

441 3689 491 3757 ¹⁸⁸)
529 3690 603 3743 In
637 3704 814 3755 marg.
852 3686 975 3740 coll.
1013 3687 1161 3740 Ien.:
1208 3685 1501 3749 Quantum
1536 3700 1572 3737 a
1606 3680 1934 3750 patriarcha
1968 3678 2141 3733 lamb

322 3760 630 3829 >generavit
664 3758 761 3813 hic
796 3760 1060 3827 populus.
