2575 4225
1226 262 1249 293 ,5
1260 261 1277 288 ,.

437 310 563 375 Hoseae
585 313 769 394 prophetae.
1009 304 1073 377 43‘3
1218 320 1268 407 Ιχ

1143 440 1145 443 .
1216 410 1252 441 ’,ει
1266 410 1271 421 *

180 488 375 601 Ephraim
398 489 584 571 pascitur
605 495 743 566 vento,
768 473 1076 592 etpersequitur

243 584 405 643 ventum
433 580 689 655 orientalem,
725 577 911 657 quotidie
941 580 1074 643 multi-

180 669 313 751 plicat
334 666 547 730 mendacia
568 673 609 731 et
636 668 882 744 vastitatem,
916 688 960 731 ac
991 689 1080 750 per·¹
1147 696 1153 713 ι
1239 647 1277 720 ’ἔ

179 757 345 821 cutiunt
372 756 516 819 foedus
547 776 633 818 cum
662 757 845 835 Assyrio,
876 763 916 819 et
942 757 1075 821 balsa-

180 865 284 908 mum
307 846 350 907 in
372 846 598 926 Aegyptum
620 850 792 926 portant.

136 969 272 1080 Insigni
300 952 403 1049 figi'na
431 970 591 1050 propheta
620 973 669 1031 θεῖ
702 987 795 1045 usus,
831 990 896 1049 qua
929 966 1080 1033 omnium

186 1064 370 1139 temporum
393 1058 511 1138 impios
540 1057 692 1120 idolatras
721 1054 856 1138 pingit¹
906 1059 1076 1138 Magnifice

137 1148 202 1212 sibi
224 1147 416 1229 pollicentur
437 1147 478 1209 de
501 1146 640 1209 cultibus
664 1146 739 1222 suis,
763 1145 799 1208 in
815 1166 868 1210 cos
883 1148 1078 1211 incumbunt
1100 1176 1101 1179 ¹

136 1257 257 1315 magno
281 1236 403 1311 studio,
433 1236 621 1316 praesertim
643 1255 718 1297 cum
740 1242 894 1315 urgentur
916 1236 1076 1317 periculis.

138 1325 202 1388 Sed
228 1324 360 1406 perinde
382 1325 445 1386 hoc
467 1328 529 1401 est,
558 1324 647 1386 acsi
673 1324 840 1387 famelicus
870 1325 998 1388 hauriat
1025 1344 1078 1388 ore

138 1420 282 1477 ventum.
329 1413 389 1476 Est
417 1414 505 1475 enim
531 1434 599 1476 non
626 1414 731 1476 solum
763 1434 847 1477 vana
879 1414 959 1476 haec
993 1433 1075 1496 spes,
1127 1414 1128 1417 ’

13 1503 14 1506 ’
118 1503 198 1566 -sed
220 1502 323 1581 magis
346 1508 535 1583 provocatur
557 1502 599 1565 ad
621 1502 704 1563 iram
727 1500 886 1565 dominus.
1264 1516 1278 1533 ·‘

229 1590 335 1654 Hodie
367 1591 541 1654 Germania
575 1591 673 1654 sentit
706 1592 903 1672 periculum,
938 1591 1027 1671 quod
1061 1612 1081 1653 a

70 1742 76 1748 .
138 1678 274 1743 Turcico
289 1685 426 1760 tyranno
441 1679 618 1761 impendet.
664 1680 730 1741 Nec
754 1681 926 1760 quisquam
949 1685 1081 1743 tameat

140 1768 307 1849 stupidus,
344 1768 401 1848 qui
435 1790 502 1831 non
529 1768 637 1831 videat
663 1767 749 1829 hanc
777 1775 981 1848 peccatorum
1011 1788 1079 1841 esse

139 1878 289 1939 poenam.
337 1857 401 1931 Qui
423 1858 522 1938 igitur
543 1856 706 1938 pontificis
722 1856 927 1919 autoritatem
943 1876 1078 1937 sequun-

141 1954 211 2023 tur,
236 1943 411 2009 instituunt
433 1946 684 2027 supplicationes
707 1944 749 2007 ad
772 1950 873 2008 certos
896 1944 1004 2021 divos,
1033 1946 1078 2007 in-

141 2035 256 2098 dicunt
278 2035 412 2111 ieiunia,
437 2035 605 2100 cumulant
627 2034 760 2111 missas,
785 2039 818 2096 et
840 2034 918 2096 alios
941 2033 1079 2096 idolatri-

142 2145 198 2188 cos
222 2125 336 2188 cultus.
382 2125 454 2186 Hac
475 2125 598 2187 ratione
622 2144 655 2186 se
678 2123 816 2205 publicis
841 2123 934 2186 malis
960 2123 1082 2186 mederi

141 2220 174 2276 et
200 2213 282 2275 iram
310 2212 363 2276 dei
390 2214 515 2294 placare
545 2232 639 2294 posse
669 2217 813 2294 sperant,
843 2212 900 2276 sed
928 2233 1000 2276 vere
1028 2232 1081 2296 pa·
1188 2287 1191 2298 J
1257 2191 1278 2216 4

140 2308 276 2366 suuntur
303 2307 413 2378 vento,
449 2307 482 2364 et
511 2307 690 2382 sequuntur
720 2302 908 2364 orientalem
937 2308 1081 2378 ventum,

140 2391 201 2471 qui
227 2411 302 2453 eum
333 2391 436 2454 siccus
467 2396 499 2454 et
529 2390 665 2470 frigidus
696 2391 747 2466 sit,
778 2389 894 2452 noxius
929 2395 987 2452 est.
1033 2390 1084 2452 Ita

135 2479 280 2545 ,varietas
303 2480 449 2542 cultuum
470 2479 647 2560 impiorum
669 2478 752 2540 nihil
775 2484 836 2554 est,
869 2497 968 2557 quam
995 2497 1082 2540 men·

141 2567 284 2643 dacium,
308 2575 342 2630 et
363 2573 459 2647 auget
481 2568 689 2630 calamitates.
845 2623 848 2630 .

233 2656 307 2718 Alia
333 2657 420 2718 enim
448 2658 529 2720 ratio
560 2663 609 2720 est
636 2655 812 2739 placandae
841 2653 907 2718 irae
937 2655 1005 2732 dei,
1044 2655 1084 2718 de

143 2765 210 2825 qua
232 2745 390 2826 propheta
412 2746 522 2808 statim
544 2745 745 2821 admonebit,
773 2750 811 2807 ut
833 2745 1086 2807 misericordiam

147 2840 180 2898 et
194 2832 353 2896 iudicium
368 2833 597 2910 custodiamus,
617 2853 654 2896 ao
670 2853 835 2914 speremus
851 2832 961 2895 indeo
978 2839 1085 2896 nostro

146 2922 361 3003 pertinaciter.
408 2921 471 2984 Sed
492 2921 635 2984 mundus
658 2927 810 2984 neutrum
840 2921 933 2998 facit,
966 2922 1086 2984 miseri·
1166 2978 1167 2982 ,
1246 2905 1278 2992 ,4Ξ

146 3009 292 3074 cordiam
314 3030 351 3073 ac
373 3009 532 3073 iudicium
553 3010 702 3090 negligit,
733 3014 766 3071 θῖ
788 3008 912 3090 quaerit
943 3009 1088 3071 humana

146 3099 317 3180 praesidia,
343 3099 426 3162 sicut
446 3099 545 3161 lsrael
567 3098 784 3180 coniungebat
805 3118 839 3160 se
855 3116 930 3159 cum
944 3098 1086 3178 Assyrio,

146 3194 180 3251 et
208 3188 384 3267 quaerebat
411 3187 530 3249 auxilia
557 3187 764 3268 Aegyptiaca.
811 3185 873 3248 Sed
903 3186 983 3248 haec
1011 3206 1087 3265 quo-

146 3295 211 3355 que
235 3275 345 3338 studia
366 3275 449 3338 nihil
469 3281 563 3352 sunt,
588 3295 687 3355 quam
710 3274 918 3338 mendacium
942 3281 974 3338 et
995 3277 1087 3338 vasti·

148 3369 214 3440 tas,
243 3364 327 3426 fallit
355 3365 443 3426 enim
471 3385 544 3446 spes
571 3365 790 3428 humanorum
820 3363 1023 3440 auxiliorum,
1057 3370 1090 3427 et

164 3458 270 3514 :ettam
293 3454 386 3514 affert
407 3454 599 3517 vastitatem.

239 3625 266 3693 1)
284 3626 427 3680 Idolatrae
445 3644 521 3682 vana
539 3643 591 3696 spe
609 3611 816 3681 consolantur!

238 3783 265 3853 ⁶)
283 3786 321 3838 In
339 3786 401 3840 coll.
419 3788 495 3841 len:
522 3787 650 3840 Idolatra
666 3801 742 3842 vana
766 3801 818 3855 spe
843 3803 875 3842 se
899 3789 1092 3872 consolantur.
1165 3771 1167 3776 ⁵
1248 3749 1261 3820 Ξ

191 3883 281 3924 Lutherl
294 3894 344 3934 opp.
357 3887 442 3934 exeget-
471 3884 520 3926 Vol.
533 3884 610 3925 XXIV.
634 3908 638 3914 ·
895 3875 931 3928 28
