2575 4225
439 276 565 340 Hcseae
587 276 773 360 prophetae.
1011 274 1074 338 253
1140 322 1143 329 .

131 456 249 535 Itaque
277 452 386 534 gladic
415 457 546 515 staron
570 452 800 535 habuitopus.
847 450 910 520 sed
936 452 1075 534 populus

132 545 211 607 novi
225 542 411 607 testamenti
432 541 594 606 habitabit
608 561 727 605 secure.
774 540 845 611 ursi
864 542 952 605 enim
967 540 1075 607 hostes

132 652 220 709 suos,
246 638 279 695 et
301 650 354 694 eos
377 630 522 713 potentia
543 650 581 693 ac
596 650 731 695 numero
754 636 952 713 praestantes
967 626 1074 706 habet,

133 727 247 785 tamen
264 720 448 785 consolatur
469 739 503 783 se
524 720 632 796 verbo,
656 726 689 783 et
711 726 818 803 sperat
839 740 897 803 per
912 718 1076 783 Christum

131 809 312 887 victoriam,
336 830 374 873 ac
396 808 618 873 bibulationes
633 828 746 873 omnes
770 829 827 891 spe
845 808 972 874 futurae
996 808 1075 872 saln-

134 899 179 962 tis
202 898 305 974 vincit
326 918 365 961 ao
386 904 525 981 superat.

178 1012 248 1125 Er
278 1013 535 1097 desponsabo
569 1021 606 1078 te
645 1014 746 1077 mihi
783 1012 824 1075 in
858 1018 1075 1077 aeternum.

241 1103 559 1186 Desponsabote
582 1102 684 1166 mihi
706 1102 748 1164 in
766 1100 950 1177 iusticia,
975 1107 1014 1165 et
1036 1100 1077 1162 in

177 1192 352 1269 iudicio,
380 1192 423 1257 in
445 1192 576 1272 gratia
598 1199 635 1255 et
663 1192 702 1254 in
724 1190 1075 1266 miserationibus,

179 1281 222 1345 in
251 1280 336 1345 lide
366 1278 619 1363 desponsabo
649 1286 685 1345 te
715 1279 834 1355 mihi,
870 1285 907 1344 et
934 1299 1077 1359 eogno-

178 1390 274 1435 scea
300 1369 508 1464 dominum,
548 1440 550 1446 ,
986 1404 988 1411 ,

136 1481 346 1594 *Psophata
367 1462 582 1589 hieucausam
604 1487 694 1589 pacis
723 1486 756 1549 et
778 1460 969 1561 confidentis
999 1483 1077 1588 lidu·

218 1596 290 1639 erae
315 1575 471 1656 ostendit,
504 1574 594 1654 quod
615 1576 742 1642 acrhcet
777 1575 858 1637 deus
884 1594 942 1657 per
975 1573 1078 1636 fillum

136 1685 263 1741 suum,¹
278 1663 443 1727 OErristum
463 1664 609 1741 Ihesum‚
634 1684 668 1727 se
691 1684 766 1727 eum
789 1663 922 1727 ecclesia
943 1662 1078 1743 despon
1161 1694 1163 1706 =

136 1760 197 1819 sat.
255 1754 304 1815 Aa
342 1752 487 1834 proiecto
518 1753 672 1834 explicari
703 1752 808 1817 verbis
843 1770 910 1815 non
943 1756 1080 1831 possunt

54 1834 63 1848 ⁹
135 1842 341 1907 abundantes
362 1842 425 1904 hae
448 1841 568 1921 gratiae
589 1841 736 1917 divitiae,
767 1840 876 1921 itaqua
899 1840 1011 1921 paucis
1034 1840 1079 1901 in·

135 1930 320 2001 dicabimus
346 1931 559 2007 sententiam,
589 1950 627 1993 ac
649 1930 873 2011 praecabimur
900 1927 1013 2004 deum,
1043 1934 1081 1990 ut

136 2041 222 2101 quae
244 2018 351 2084 verbis
378 2040 436 2101 pro
463 2018 620 2100 dignitate
650 2018 716 2081 dici
742 2038 809 2081 non
836 2022 981 2099 possunt,
1011 2016 1079 2098 ipse

138 2131 198 2174 suo
214 2108 332 2192 spiritu
355 2108 504 2173 cordibus
526 2108 643 2174 nostris
661 2107 805 2190 inspiret,
829 2113 867 2171 ut
889 2105 1080 2187 cogitatione

137 2200 255 2270 saltem
284 2204 410 2280 partem
432 2198 575 2278 aliquam
601 2198 718 2262 harum
748 2196 1001 2261 consolationem
1028 2194 1079 2258 ad·

138 2306 325 2369 sequamur.

228 2377 384 2453 Primum,
412 2376 546 2441 verbnm
570 2376 711 2451 ,Erasch‘
739 2378 873 2458 plenum
895 2373 1080 2438 consolatio·

95 2503 98 2507 ›
137 2466 191 2530 nis
219 2472 279 2529 est.
330 2466 445 2547 Itaque
468 2464 589 2528 Paulus
626 2483 754 2544 quoque
780 2465 918 2548 libenter
950 2462 1080 2524 coniun-

139 2556 284 2619 ctionem
314 2555 465 2623 ecclesiae
487 2573 563 2616 cum
582 2553 712 2620 ,Christo
733 2557 898 2634 comparat
923 2549 1082 2630 coniugali

139 2643 371 2720 coniunctioni,
395 2649 429 2706 et
451 2642 595 2711 Christus
618 2642 744 2706 insuia
767 2639 974 2706 concionibus
996 2638 1081 2702 simi·

135 2733 280 2796 litndine
298 2733 488 2813 nuptiarum
510 2731 686 2794 delectatus
700 2731 835 2796 videturss
882 2730 956 2793 Non
978 2728 1083 2818 solum

139 2823 231 2886 enim
245 2822 399 2903 proponit
421 2820 651 2885 similitudines
673 2819 719 2885 de*
729 2819 862 2902 nuptiis,
887 2818 943 2881 sed
961 2817 1082 2886 amieos

139 2913 255 2992 sponsi
275 2917 384 2978 ,amm
418 2909 604 2991 discipulos.
656 2908 747 2972 Sicut
790 2909 889 2972 etiarn
921 2907 1081 2972 Iohannes

138 2999 307 3073 Christum
337 3017 494 3080 sponsum
516 2992 640 3074 vocat,1
676 2991 803 3078 etipse
820 2995 972 3058 vChristus
998 2994 1082 3056 hanc

139 3087 394 3172 appellationem
417 3087 480 3151 sibi
495 3086 618 3163 tribuit,
642 3103 717 3150 eum
740 3083 780 3148 de
803 3083 944 3148 adventu
966 3101 1025 3146 suo
1048 3082 1083 3144 in

139 3176 318 3242 novissimo
341 3175 393 3238 die
407 3175 511 3259 docet,
535 3176 608 3256 quis
627 3182 737 3248 autem
751 3173 888 3248 dubitat,
914 3170 1001 3252 quod
1016 3191 1082 3234 non

138 3265 329 3348 respexerit.
345 3263 388 3327 ad
412 3263 499 3328 hanc
526 3271 558 3328 et
585 3263 707 3328 similes
742 3263 972 3346 prophetarum
1011 3280 1081 3324 con·

153 3374 260 3418 nones.

149 3474 358 3493 ...μ-ω--ι-

206 3490 262 3598 ¹54)
277 3527 384 3586 {ohan
401 3479 439 3581 3.,
497 3530 502 3540 ’
556 3525 559 3528 ’

233 3687 425 3764 ⁸)1n‚marg.
451 3687 513 3740 coll.
536 3686 609 3740 Ien:
654 3687 732 3740 Deus
766 3702 818 3756 per
842 3655 1002 3741 Christum=
1018 3701 1083 3740 cum

161 3757 263 3814 eclesia
281 3775 313 3814 se
331 3759 495 3827 desponsat.
