2575 4225
5 1433 31 1757 4212-ss·‘v.⁴2'2³-·.*=.--⁴

5 1127 33 1428 zwxssi‘sf-fiQRVNFJ‘
5 1070 25 1123 *fr
5 835 36 1066 ’ΜΨ-*ξ
5 252 38 828 ἵἹ-ΣΤΡ-ῪῬΨΊῗῗῡὲἓῑῑὶ-’ἰεῖἶ-ει
20 238 24 246 -
10 161 38 233 4⁴55?
15 138 36 156 1
7 97 37 133 ξς
24 35 32 48 4

38 1172 43 1181 ’
40 1049 46 1074 ””
48 906 52 911 ”
65 752 68 755 .
36 580 41 606 ‘'
37 334 68 410 Τ
33 241 42 271 ‘'
43 212 47 216 ’
37 0 84 163 ”,4ζ’·Τὲ.

104 82 109 89 -
83 0 121 55 q}-

123 75 134 82 ἲ
124 16 158 47 “““
138 0 141 3 Ι

202 254 268 317 314
533 252 638 333 Caput
661 251 812 332 quintum

201 428 308 541 Haec
331 437 380 494 est
402 430 583 506 calamitas,
612 448 696 509 quae
718 430 812 509 longe
835 427 924 491 illam
947 429 1146 511 corporalem

198 532 201 535 ’
275 520 383 583 vincit.
430 519 493 582 Sed
516 525 565 582 est
586 519 716 600 propria
738 524 773 582 ct
792 538 867 582 vera
887 537 990 599 poena
1008 518 1146 598 neglecti

202 610 301 673 verbi·
348 608 451 689 Supra
473 608 559 671 dixit
581 608 751 689 propheta,
784 605 890 689 decipi
912 607 1062 670 homines
1085 607 1144 669 fre-

197 697 377 778 quentibus
407 696 671 773 mactationibus,
708 695 795 777 quod
824 696 852 758 is
882 715 948 757 non
979 696 1022 759 sit
1051 716 1144 760 verus

198 788 308 851 cultus
332 787 393 863 dei,
419 784 581 866 quomodo
605 785 693 847 enim
717 784 815 847 deum
837 784 967 846 laniena
982 786 1147 865 pecudum

202 876 359 939 delectare
383 882 440 938 aut
461 876 588 958 placare
611 874 742 957 potest?
765 874 858 935 Nunc
880 872 986 953 igitur,
1012 894 1087 939 cum
1110 874 1146 937 in

199 984 331 1027 summo
355 971 388 1027 et
409 965 571 1046 praesenti
593 964 735 1044 periculo
759 967 850 1038 sunt,
880 962 922 1024 ad
944 963 1016 1027 illos
1040 965 1145 1027 cultus

203 1059 380 1131 recurrunt,
404 1060 535 1137 propter
558 1072 638 1133 quos
661 1052 807 1134 plectunt
849 1100 854 1113 .

292 1144 382 1207 Haec
415 1143 497 1206 ratio
530 1162 598 1205 non
632 1148 681 1205 est
714 1140 864 1222 placandi
898 1139 961 1214 dei.
1012 1140 1147 1205 Peccata

203 1232 407 1313 agnoscenda
428 1238 460 1295 et
476 1229 662 1311 corrigenda
677 1236 776 1306 erant,
802 1235 870 1292 erat
884 1229 1026 1310 petenda
1040 1230 1144 1307 venia,

202 1328 237 1383 et
267 1320 463 1403 sperandum
491 1320 527 1382 in
554 1319 774 1382 misericordia
803 1317 856 1381 dei
890 1326 1020 1401 propter
1054 1320 1145 1382 sacri·

205 1410 315 1471 ficium
348 1409 499 1490 promissi
537 1408 679 1471 seminis.
730 1408 802 1470 Hac
839 1408 961 1471 ratione
1000 1408 1146 1490 placatur

202 1498 300 1574 deus,
331 1503 363 1560 et
384 1499 465 1560 haec
486 1517 562 1561 vera
584 1502 633 1561 est
655 1482 869 1579 poenitentia,
901 1516 959 1577 per
981 1516 1082 1576 quam
1106 1498 1147 1569 ad

206 1586 342 1666 gratiam
365 1592 455 1668 patet
476 1585 593 1649 aditus.
640 1586 729 1650 Sicut
750 1606 859 1667 regem
877 1585 1032 1649 Nebucad
1048 1587 1148 1649 Nezar

205 1675 298 1739 docet
321 1669 464 1752 Daniel,¹
492 1675 623 1739 videbat
645 1675 682 1737 in
703 1675 852 1758 proximo
868 1674 979 1759 adesse
995 1695 1146 1757 poenam,

204 1763 294 1844 quod
317 1764 501 1828 abuteretur
523 1784 621 1844 regno
644 1764 686 1825 ad
709 1763 910 1845 superbiam,
944 1768 977 1827 et
1006 1764 1148 1843 tyranni-

206 1854 291 1931 dem,
316 1860 350 1927 et
370 1873 479 1917 veram
501 1852 689 1933 religionem
712 1845 915 1932 negligeret²³
964 1853 1077 1917 Monet
1092 1853 1148 1933 igi-

206 1949 274 2019 tur,
305 1948 342 2005 ut
363 1942 564 2019 meminerit,
596 1961 630 2004 εθ
654 1961 720 2004 non
742 1941 815 2005 ideo
837 1940 873 2003 in
896 1941 957 2004 hoe
980 1941 1150 2027 fastigium

203 2052 313 2093 rerum
336 2032 478 2114 positum
501 2050 579 2107 esse,
603 2037 642 2094 ut
660 2031 800 2112 'superbe
824 2029 1006 2112 imperaret,
1032 2031 1089 2094 sed
1113 2038 1150 2096 ut

162 2154 167 2158 ⁷
206 2121 409 2183 subditomm
437 2120 626 2201 diligentem
657 2125 765 2201 ageret
795 2140 919 2198 curam,
956 2127 989 2184 et
1016 2121 1151 2186 serviret

206 2229 318 2270 corum
341 2209 594 2272 necessitatibus.
640 2209 731 2272 Haec
754 2209 841 2272 enim
865 2216 914 2273 est
935 2209 1065 2274 iusticia
1092 2229 1150 2273 seu

206 2297 425 2360 misericordia
447 2303 480 2361 et
502 2298 737 2378 eleemosynae,
770 2297 809 2361 de
833 2299 952 2380 quibus
982 2298 1148 2362 conciona-

205 2393 267 2450 tur.
314 2387 364 2450 Ita
390 2388 460 2464 fiet,
489 2383 613 2467 inquit,
638 2406 713 2449 oum
740 2388 913 2450 correxeris
935 2394 1081 2469 peccata,
1113 2393 1151 2451 ut

205 2496 345 2557 poenam
369 2476 513 2556 effugias,
538 2495 621 2556 quae
644 2481 730 2538 certo
750 2481 898 2540 secutura
913 2482 970 2552 est,
995 2476 1060 2540 nisi
1075 2497 1150 2540 meo

205 2565 350 2646 parueris
373 2565 516 2628 oonsilio

295 2653 347 2714 Ad
362 2655 450 2716 hunc
465 2652 600 2716 modum
614 2653 776 2717 Israelitae
792 2653 954 2718 debebant
976 2674 1148 2734 agnoscere

205 2746 389 2820 peccatum,
415 2740 502 2821 quod
526 2745 637 2803 contra
659 2742 793 2806 verbum
816 2743 988 2806 imolarant
1009 2742 1046 2806 in
1068 2743 1148 2808 locis

206 2827 393 2909 prohibitis,
425 2828 587 2893 debebant
614 2829 717 2892 redire
745 2830 786 2893 ad
814 2827 938 2894 cultum
968 2832 1004 2895 in
1026 2833 1148 2896 Ierusa-

205 2918 284 2994 lem,
316 2923 348 2980 et
370 2918 432 2982 niti
455 2919 674 2982 misericordia
696 2918 758 2997 dei,
782 2940 849 2983 non
877 2921 944 2984 suis
972 2921 1146 2996 sacrificiis,
1183 2905 1200 2928 '
1284 2903 1285 2910 ἵ

206 3007 264 3069 sed
285 3007 347 3070 hoc
370 3029 437 3070 non
460 3007 635 3084 faciebant,
660 3008 734 3071 ideo
757 3013 879 3089 quanto
902 3009 966 3091 ipsi
988 3010 1149 3090 urgebant

206 3115 281 3198 suos
305 3095 409 3161 cultus
432 3097 574 3177 gravius,
607 3101 698 3160 tanto
721 3097 849 3177 gravius
871 3095 1068 3162 irascebatur
1095 3099 1147 3162 do·

206 3204 325 3246 mmus.

295 3271 423 3356 Inspice
446 3272 512 3336 iam
530 3293 634 3355 papae
651 3274 808 3351 ecclesias,
834 3280 867 3338 et
880 3273 1006 3340 videbis
1022 3275 1149 3339 eadem.

175 3482 179 3486 <
298 3466 324 3534 1)
348 3466 425 3521 Vera
451 3467 637 3534 poenitentia.
681 3465 709 3535 2)
735 3465 846 3522 Daniel.
874 3463 916 3520 41Ι
959 3466 987 3534 3)
1017 3467 1151 3522 Danielis

205 3538 304 3592 concio
322 3538 359 3591 ad
378 3537 524 3604 Regem*

297 3730 321 3795 *)
339 3732 427 3785 Deest
445 3731 477 3786 in
495 3732 557 3787 coll.
577 3734 636 3788 Ien.
675 3733 715 3801 ·*)
735 3734 824 3787 Deest
841 3733 873 3786 in
891 3732 953 3786 coll.
973 3733 1034 3786 Ien.
