2575 4225
215 265 282 328 384
555 264 661 348 Caput
683 284 807 331 nonum

213 440 316 506 etiam
338 441 596 509 benedictionem
625 443 709 529 uteri
736 448 769 507 et
792 442 930 507 uberum
952 441 1035 524 petit
1066 442 1159 507 tolli?

215 530 373 595 Gentium
393 531 475 595 istae
490 552 583 597 voces
598 539 684 611 sunt,
709 532 873 596 exinanite
889 551 971 608 eam,
992 532 1159 595 exinanite

214 638 320 699 usque
348 618 389 681 ad
419 619 681 685 fundamentum.
730 621 925 703 Prophetam
951 626 1036 683 certe
1068 622 1161 685 aliter

214 707 306 787 loqui
331 709 517 789 oportebat,
549 711 641 791 tangi
667 710 802 774 decebat
834 728 910 772 eum
939 714 1008 773 tarn
1037 709 1160 790 insigni

215 796 268 858 sui
296 797 408 877 populi
430 798 624 877 calamitate,
661 806 694 863 et
723 799 846 881 precari
875 797 1018 861 meliora.
1065 797 1161 861 Nunc

214 884 310 963 quasi
325 886 444 950 oblitus
467 888 527 964 sui,
552 887 747 952 calamitosis
766 888 841 970 plus
856 886 1080 950 calamitatum
1101 887 1158 949 im·

214 972 325 1123 podnit,
361 994 436 1038 cum
462 976 561 1039 etiam
587 978 652 1042 ista
676 975 881 1040 oeconomica
910 975 997 1038 bona
1030 976 1078 1038 eis
1112 977 1160 1037 in-

213 1062 249 1124 vi
272 1068 305 1125 et
327 1069 387 1126 etc.

305 1152 357 1214 Ad
379 1152 459 1217 haec
486 1154 679 1237 respondeo:
714 1156 787 1217 Duo
809 1152 903 1216 nobis
925 1150 1161 1215 consideranda

215 1238 278 1303 hoc
307 1240 343 1302 in
371 1241 441 1306 loco
465 1250 555 1320 sunt,
587 1244 672 1307 sicut
701 1244 800 1307 etiam
828 1260 982 1322 personae
1013 1239 1160 1322 duplices

214 1335 449 1408 proponuntur,
472 1333 597 1396 vocatio
612 1333 716 1395 sancti
733 1332 918 1413 prophetae,
943 1335 976 1392 et
989 1334 1162 1410 peccatum

215 1417 338 1497 populi.
386 1418 532 1482 Christus
554 1440 631 1484 cum
652 1421 861 1484 concionatur
882 1417 999 1481 Matth.
1025 1412 1065 1479 5¹
1094 1438 1162 1481 non

216 1504 348 1584 respicit
378 1505 420 1568 ad
454 1508 632 1587 singulares
662 1516 695 1572 et
725 1515 827 1572 certes
855 1505 1058 1582 vocationes,
1103 1506 1162 1570 sed

216 1591 301 1655 sicut
322 1591 493 1674 decalogus
515 1603 567 1661 est
583 1596 773 1661 universalis
795 1596 857 1672 lex,
882 1594 1025 1658 ostendit
1046 1614 1162 1658 omnes

214 1680 352 1761 obligari
380 1682 422 1745 ad
448 1683 663 1749 dilectionem.
710 1686 846 1749 Dilectio
873 1689 982 1746 autem
1010 1702 1079 1746 non
1108 1683 1162 1746 ad

216 1770 322 1834 mittit
343 1771 435 1849 iram,
459 1794 526 1838 non
547 1775 661 1855 iurgia,
690 1795 757 1837 non
778 1772 1024 1855 imprecationes
1047 1772 1161 1848 melas,

216 1878 285 1921 non
318 1861 621 1940 reverberationem,
657 1883 724 1926 non
750 1860 942 1925 iniuriarum
972 1859 1161 1938 vindictam,

217 1946 276 2011 sed
294 1948 482 2031 simpliciter
504 1952 595 2016 iubet
609 1956 755 2014 amanter
777 1948 947 2031 complecti
963 1949 1162 2029 proximum,
1275 1964 1277 2037 ξ

217 2037 318 2100 etiam
340 2039 425 2101 male
447 2039 488 2103 de
511 2042 605 2104 nobis
627 2040 790 2117 meritum,
814 2044 848 2102 et
869 2037 1050 2100 inimicum.
1099 2038 1165 2112 Qui
1274 2084 1277 2116 ἢ

218 2125 317 2204 igitur
339 2127 545 2193 dilectionem
572 2129 725 2192 adhunc
754 2125 891 2191 modum
920 2146 987 2189 non
1014 2126 1163 2206 undique
1276 2173 1278 2214 Ι

217 2232 335 2294 puram
369 2220 402 2279 et
438 2218 596 2281 sinceram
629 2222 784 2299 praestat,
826 2215 1015 2296 decalogum
1053 2214 1163 2278 violat.

218 2302 316 2366 Recte
338 2304 437 2384 igitur
452 2306 597 2371 Christus
621 2326 659 2369 eo
681 2305 717 2368 in
739 2305 809 2368 loco
831 2304 967 2367 damnat
987 2303 1081 2380 iram,
1106 2304 1164 2366 i1n·
1276 2325 1278 2392 j

217 2393 420 2472 precationes
441 2393 542 2472 diras,
578 2400 687 2475 gestus
709 2395 823 2471 iratos,
854 2392 943 2469 lites,
972 2390 1163 2468 vindictam,
1193 2441 1198 2448 .
1276 2415 1278 2484 i

218 2480 401 2545 linamenta
422 2503 561 2565 quoque.
607 2482 696 2558 Quid
719 2482 807 2545 enim
829 2480 919 2544 aliud
941 2479 1056 2557 faciat,
1089 2499 1166 2543 cum

215 2568 391 2650 decalogus
407 2572 450 2637 sit
469 2573 660 2637 universalis
682 2571 736 2635 lex
750 2570 915 2652 proposita
936 2569 997 2632 toti
1018 2568 1166 2633 humano

216 2676 340 2734 genem.

314 2738 397 2807 'Sed
419 2746 509 2824 deus,
533 2748 591 2828 qui
613 2766 727 2811 omnes
749 2747 897 2811 homines
919 2746 978 2809 uni
1001 2752 1034 2810 et
1057 2744 1169 2809 eidem

220 2829 284 2912 legi
297 2833 443 2917 subiecit,
467 2843 581 2918 postea
602 2857 660 2919 per
674 2837 875 2901 vocationem
898 2835 978 2897 facit
991 2834 1169 2898 hominum

220 2919 418 2988 discrimina.
475 2926 549 2989 Non
577 2926 648 2988 vult
686 2923 756 3007 pari
784 2945 860 2987 oum
897 2927 1057 3005 potestate
1098 2943 1168 2987 esse

221 3029 330 3092 regem
357 3019 391 3076 et
412 3014 573 3092 subditos,
601 3019 751 3097 parentes
773 3018 807 3077 et
833 3011 964 3088 liberos,
994 3011 1112 3074 herum
1135 3019 1169 3075 et

220 3098 390 3179 familiam,
414 3103 530 3167 ducem
552 3110 586 3167 et
606 3103 755 3166 militem.
801 3101 914 3182 Itaque
932 3099 1068 3163 mandat
1090 3100 1166 3164 libe-

221 3187 276 3267 ris,
305 3198 344 3254 ut
364 3199 513 3273 parentes
536 3192 657 3268 colant,
680 3191 745 3254 hoc
766 3196 830 3267 est,
854 3185 1026 3252 uteorum
1049 3189 1165 3252 autori·

222 3278 283 3341 tati
305 3286 454 3360 pareant,
484 3302 551 3345 non
581 3279 638 3343 dat
669 3283 862 3361 potestatem
888 3277 1013 3354 liberis,
1044 3283 1084 3341 ut
1105 3278 1164 3340 irn-

222 3373 337 3448 perent
362 3369 564 3449 parentibus,
600 3370 666 3431 imo
688 3368 792 3444 iubet,
822 3373 860 3431 ut
888 3371 1038 3449 parentes
1067 3366 1146 3429 etiar

221 3455 257 3518 vi
279 3456 468 3522 coherceant
495 3457 710 3540 petulantiam
732 3456 915 3520 liberorum.
962 3456 1036 3520 Non
1057 3455 1146 3519 solor
1277 3549 1278 3552 Ἴ

314 3665 342 3731 1)
352 3665 486 3723 Christus
493 3666 794 3736 quomodoprohibeat
802 3664 960 3723 vindictam
967 3669 1020 3721 eto.
1031 3665 1137 3727 Matth.

220 3733 252 3802 2)
271 3734 434 3802 singulares
452 3739 624 3794 vocationes.
