<?xml version="1.0" encoding="UTF-8"?>
<!DOCTYPE html PUBLIC "-//W3C//DTD XHTML 1.0 Transitional//EN"
    "http://www.w3.org/TR/xhtml1/DTD/xhtml1-transitional.dtd">
<html xmlns="http://www.w3.org/1999/xhtml" xml:lang="en" lang="en">
 <head>
  <title>
</title>
<meta http-equiv="Content-Type" content="text/html;charset=utf-8" />
  <meta name='ocr-system' content='tesseract 3.04.00' />
  <meta name='ocr-capabilities' content='ocr_page ocr_carea ocr_par ocr_line ocrx_word'/>
</head>
<body>
  <div class='ocr_page' id='page_1' title='image "./exegeticaoperal13luthgoog_0292.png"; bbox 0 0 2575 4225; ppageno 0'>
   <div class='ocr_carea' id='block_1_1' title="bbox 467 266 1227 350">
    <p class='ocr_par' dir='ltr' id='par_1_1' title="bbox 467 266 1227 350">
     <span class='ocr_line' id='line_1_1' title="bbox 467 266 1227 350; baseline 0.005 -21"><span class='ocrx_word' id='word_1_1' title='bbox 467 268 593 331; x_wconf 84' lang='lat' dir='ltr'>Hoeeae</span> <span class='ocrx_word' id='word_1_2' title='bbox 615 266 800 350; x_wconf 84' lang='lat' dir='ltr'>prophetae.</span> <span class='ocrx_word' id='word_1_3' title='bbox 1038 270 1104 333; x_wconf 79' lang='lat'>281</span> <span class='ocrx_word' id='word_1_4' title='bbox 1216 266 1227 285; x_wconf 84' lang='lat'>&#39;</span> 
     </span>
    </p>
   </div>
   <div class='ocr_carea' id='block_1_2' title="bbox 114 445 1193 2836">
    <p class='ocr_par' dir='ltr' id='par_1_2' title="bbox 162 445 1193 1327">
     <span class='ocr_line' id='line_1_2' title="bbox 162 445 1104 527; baseline 0.001 -19"><span class='ocrx_word' id='word_1_5' title='bbox 162 446 293 511; x_wconf 89' lang='lat' dir='ltr'>studere</span> <span class='ocrx_word' id='word_1_6' title='bbox 319 445 474 521; x_wconf 88' lang='lat' dir='ltr'>debeant,</span> <span class='ocrx_word' id='word_1_7' title='bbox 509 445 567 525; x_wconf 90' lang='lat' dir='ltr'>qui</span> <span class='ocrx_word' id='word_1_8' title='bbox 594 445 731 527; x_wconf 90' lang='lat' dir='ltr'>cupiunt</span> <span class='ocrx_word' id='word_1_9' title='bbox 757 445 896 525; x_wconf 82' lang='lat' dir='ltr'>effugere</span> <span class='ocrx_word' id='word_1_10' title='bbox 923 445 1006 507; x_wconf 87' lang='lat' dir='ltr'>iram</span> <span class='ocrx_word' id='word_1_11' title='bbox 1039 445 1104 509; x_wconf 89' lang='lat' dir='ltr'>dei.</span> 
     </span>
     <span class='ocr_line' id='line_1_3' title="bbox 163 534 1105 614; baseline -0.002 -15"><span class='ocrx_word' id='word_1_12' title='bbox 163 535 254 599; x_wconf 85' lang='lat' dir='ltr'>Sicut</span> <span class='ocrx_word' id='word_1_13' title='bbox 274 534 375 614; x_wconf 86' lang='lat' dir='ltr'>igitur</span> <span class='ocrx_word' id='word_1_14' title='bbox 396 540 464 597; x_wconf 87' lang='lat' dir='ltr'>tota</span> <span class='ocrx_word' id='word_1_15' title='bbox 484 535 540 596; x_wconf 82' lang='lat' dir='ltr'>lex</span> <span class='ocrx_word' id='word_1_16' title='bbox 561 534 761 598; x_wconf 81' lang='lat' dir='ltr'>contrahitur</span> <span class='ocrx_word' id='word_1_17' title='bbox 787 534 824 595; x_wconf 90' lang='lat' dir='ltr'>in</span> <span class='ocrx_word' id='word_1_18' title='bbox 852 535 932 597; x_wconf 86' lang='lat' dir='ltr'>haec</span> <span class='ocrx_word' id='word_1_19' title='bbox 960 534 1025 597; x_wconf 90' lang='lat' dir='ltr'>duo</span> <span class='ocrx_word' id='word_1_20' title='bbox 1055 556 1105 598; x_wconf 83' lang='lat' dir='ltr'>ca·</span> 
     </span>
     <span class='ocr_line' id='line_1_4' title="bbox 162 621 1106 705; baseline -0.001 -18"><span class='ocrx_word' id='word_1_21' title='bbox 162 625 247 705; x_wconf 86' lang='lat' dir='ltr'>pita,</span> <span class='ocrx_word' id='word_1_22' title='bbox 277 622 367 703; x_wconf 88' lang='lat' dir='ltr'>quod</span> <span class='ocrx_word' id='word_1_23' title='bbox 390 623 483 686; x_wconf 90' lang='lat' dir='ltr'>docet</span> <span class='ocrx_word' id='word_1_24' title='bbox 503 624 545 687; x_wconf 87' lang='lat' dir='ltr'>de</span> <span class='ocrx_word' id='word_1_25' title='bbox 568 624 657 690; x_wconf 89' lang='lat' dir='ltr'>cultu</span> <span class='ocrx_word' id='word_1_26' title='bbox 680 622 742 699; x_wconf 86' lang='lat' dir='ltr'>dei,</span> <span class='ocrx_word' id='word_1_27' title='bbox 766 628 800 685; x_wconf 89' lang='lat' dir='ltr'>et</span> <span class='ocrx_word' id='word_1_28' title='bbox 821 621 862 685; x_wconf 93' lang='lat' dir='ltr'>de</span> <span class='ocrx_word' id='word_1_29' title='bbox 885 622 1000 685; x_wconf 84' lang='lat' dir='ltr'>officiis</span> <span class='ocrx_word' id='word_1_30' title='bbox 1029 644 1106 703; x_wconf 82' lang='lat' dir='ltr'>erga</span> 
     </span>
     <span class='ocr_line' id='line_1_5' title="bbox 164 712 1107 793; baseline 0 -18"><span class='ocrx_word' id='word_1_31' title='bbox 164 713 369 793; x_wconf 83' lang='lat' dir='ltr'>proximum,</span> <span class='ocrx_word' id='word_1_32' title='bbox 399 732 456 774; x_wconf 83' lang='lat' dir='ltr'>seu</span> <span class='ocrx_word' id='word_1_33' title='bbox 479 712 519 774; x_wconf 91' lang='lat' dir='ltr'>de</span> <span class='ocrx_word' id='word_1_34' title='bbox 546 712 730 789; x_wconf 82' lang='lat' dir='ltr'>dilectione,</span> <span class='ocrx_word' id='word_1_35' title='bbox 761 712 808 774; x_wconf 88' lang='lat' dir='ltr'>ita</span> <span class='ocrx_word' id='word_1_36' title='bbox 837 712 996 792; x_wconf 88' lang='lat' dir='ltr'>propheta</span> <span class='ocrx_word' id='word_1_37' title='bbox 1023 713 1107 775; x_wconf 81' lang='lat' dir='ltr'>haec</span> 
     </span>
     <span class='ocr_line' id='line_1_6' title="bbox 164 801 1108 882; baseline 0.002 -19"><span class='ocrx_word' id='word_1_38' title='bbox 164 801 229 863; x_wconf 91' lang='lat' dir='ltr'>duo</span> <span class='ocrx_word' id='word_1_39' title='bbox 263 801 326 864; x_wconf 92' lang='lat' dir='ltr'>hoo</span> <span class='ocrx_word' id='word_1_40' title='bbox 359 802 396 862; x_wconf 90' lang='lat' dir='ltr'>in</span> <span class='ocrx_word' id='word_1_41' title='bbox 428 802 498 863; x_wconf 92' lang='lat' dir='ltr'>loco</span> <span class='ocrx_word' id='word_1_42' title='bbox 533 802 656 865; x_wconf 88' lang='lat' dir='ltr'>erudite</span> <span class='ocrx_word' id='word_1_43' title='bbox 694 806 727 863; x_wconf 86' lang='lat' dir='ltr'>et</span> <span class='ocrx_word' id='word_1_44' title='bbox 763 801 901 864; x_wconf 87' lang='lat' dir='ltr'>breviter</span> <span class='ocrx_word' id='word_1_45' title='bbox 939 801 1108 882; x_wconf 85' lang='lat' dir='ltr'>coniungit</span> 
     </span>
     <span class='ocr_line' id='line_1_7' title="bbox 167 888 1107 970; baseline 0.002 -18"><span class='ocrx_word' id='word_1_46' title='bbox 167 891 273 965; x_wconf 82' lang='lat' dir='ltr'>,Emes</span> <span class='ocrx_word' id='word_1_47' title='bbox 295 909 335 952; x_wconf 85' lang='lat' dir='ltr'>ve</span> <span class='ocrx_word' id='word_1_48' title='bbox 357 890 466 951; x_wconf 85' lang='lat' dir='ltr'>hesed‘</span> <span class='ocrx_word' id='word_1_49' title='bbox 495 890 610 953; x_wconf 83' lang='lat' dir='ltr'>veritae</span> <span class='ocrx_word' id='word_1_50' title='bbox 640 895 673 953; x_wconf 89' lang='lat' dir='ltr'>et</span> <span class='ocrx_word' id='word_1_51' title='bbox 701 888 913 953; x_wconf 86' lang='lat' dir='ltr'>beneficentia</span> <span class='ocrx_word' id='word_1_52' title='bbox 942 890 1107 970; x_wconf 79' lang='lat' dir='ltr'>pertinent</span> 
     </span>
     <span class='ocr_line' id='line_1_8' title="bbox 165 978 1109 1053; baseline 0 -12"><span class='ocrx_word' id='word_1_53' title='bbox 165 978 206 1041; x_wconf 88' lang='lat' dir='ltr'>ad</span> <span class='ocrx_word' id='word_1_54' title='bbox 235 978 412 1041; x_wconf 86' lang='lat' dir='ltr'>secundam</span> <span class='ocrx_word' id='word_1_55' title='bbox 442 979 588 1041; x_wconf 86' lang='lat' dir='ltr'>tabulam</span> <span class='ocrx_word' id='word_1_56' title='bbox 612 980 707 1053; x_wconf 87' lang='lat' dir='ltr'>‚Daas</span> <span class='ocrx_word' id='word_1_57' title='bbox 734 978 872 1040; x_wconf 82' lang='lat' dir='ltr'>Elohirn‘</span> <span class='ocrx_word' id='word_1_58' title='bbox 904 978 1024 1041; x_wconf 79' lang='lat' dir='ltr'><strong>noticia</strong></span> <span class='ocrx_word' id='word_1_59' title='bbox 1052 979 1109 1042; x_wconf 85' lang='lat' dir='ltr'>dei</span> 
     </span>
     <span class='ocr_line' id='line_1_9' title="bbox 166 1066 1193 1148; baseline -0.001 -18"><span class='ocrx_word' id='word_1_60' title='bbox 166 1067 305 1148; x_wconf 77' lang='lat' dir='ltr'>pertinet</span> <span class='ocrx_word' id='word_1_61' title='bbox 327 1067 370 1129; x_wconf 88' lang='lat' dir='ltr'>ad</span> <span class='ocrx_word' id='word_1_62' title='bbox 392 1066 532 1148; x_wconf 86' lang='lat' dir='ltr'>primam</span> <span class='ocrx_word' id='word_1_63' title='bbox 554 1067 709 1130; x_wconf 81' lang='lat' dir='ltr'>tabulam.</span> <span class='ocrx_word' id='word_1_64' title='bbox 755 1068 827 1129; x_wconf 91' lang='lat' dir='ltr'>Hoc</span> <span class='ocrx_word' id='word_1_65' title='bbox 848 1066 948 1147; x_wconf 81' lang='lat' dir='ltr'>igitur</span> <span class='ocrx_word' id='word_1_66' title='bbox 963 1067 1105 1130; x_wconf 89' lang='lat' dir='ltr'>stadium</span> <span class='ocrx_word' id='word_1_67' title='bbox 1187 1109 1193 1123; x_wconf 75' lang='lat'><strong><em>.</em></strong></span> 
     </span>
     <span class='ocr_line' id='line_1_10' title="bbox 166 1156 1108 1237; baseline 0 -19"><span class='ocrx_word' id='word_1_68' title='bbox 166 1162 229 1232; x_wconf 88' lang='lat' dir='ltr'>est,</span> <span class='ocrx_word' id='word_1_69' title='bbox 259 1156 295 1219; x_wconf 90' lang='lat' dir='ltr'>in</span> <span class='ocrx_word' id='word_1_70' title='bbox 317 1176 382 1235; x_wconf 90' lang='lat' dir='ltr'>quo</span> <span class='ocrx_word' id='word_1_71' title='bbox 405 1156 469 1219; x_wconf 86' lang='lat' dir='ltr'>sibi</span> <span class='ocrx_word' id='word_1_72' title='bbox 490 1156 726 1219; x_wconf 88' lang='lat' dir='ltr'>decurrendum</span> <span class='ocrx_word' id='word_1_73' title='bbox 748 1156 796 1237; x_wconf 90' lang='lat' dir='ltr'>pii</span> <span class='ocrx_word' id='word_1_74' title='bbox 818 1160 978 1232; x_wconf 81' lang='lat' dir='ltr'>statuant,</span> <span class='ocrx_word' id='word_1_75' title='bbox 1003 1157 1031 1219; x_wconf 90' lang='lat' dir='ltr'>si</span> <span class='ocrx_word' id='word_1_76' title='bbox 1054 1176 1108 1220; x_wconf 82' lang='lat' dir='ltr'>vo·</span> 
     </span>
     <span class='ocr_line' id='line_1_11' title="bbox 165 1244 1106 1327; baseline 0.002 -22"><span class='ocrx_word' id='word_1_77' title='bbox 165 1245 238 1307; x_wconf 87' lang='lat' dir='ltr'>lunt</span> <span class='ocrx_word' id='word_1_78' title='bbox 259 1245 357 1307; x_wconf 91' lang='lat' dir='ltr'>modo</span> <span class='ocrx_word' id='word_1_79' title='bbox 380 1245 483 1307; x_wconf 82' lang='lat' dir='ltr'>facere</span> <span class='ocrx_word' id='word_1_80' title='bbox 513 1245 672 1321; x_wconf 88' lang='lat' dir='ltr'>officium,</span> <span class='ocrx_word' id='word_1_81' title='bbox 703 1249 736 1307; x_wconf 91' lang='lat' dir='ltr'>et</span> <span class='ocrx_word' id='word_1_82' title='bbox 762 1245 844 1307; x_wconf 91' lang='lat' dir='ltr'>iram</span> <span class='ocrx_word' id='word_1_83' title='bbox 874 1244 927 1307; x_wconf 92' lang='lat' dir='ltr'>dei</span> <span class='ocrx_word' id='word_1_84' title='bbox 956 1246 1106 1327; x_wconf 81' lang='lat' dir='ltr'>effugere.</span> 
     </span>
    </p>

    <p class='ocr_par' dir='ltr' id='par_1_3' title="bbox 119 1328 1173 2481">
     <span class='ocr_line' id='line_1_12' title="bbox 259 1328 1173 1415; baseline 0.002 -20"><span class='ocrx_word' id='word_1_85' title='bbox 259 1328 497 1415; x_wconf 83' lang='lat' dir='ltr'>¹Hieronymus</span> <span class='ocrx_word' id='word_1_86' title='bbox 526 1334 625 1396; x_wconf 91' lang='lat' dir='ltr'>habet</span> <span class='ocrx_word' id='word_1_87' title='bbox 655 1354 729 1396; x_wconf 90' lang='lat' dir='ltr'>suas</span> <span class='ocrx_word' id='word_1_88' title='bbox 759 1352 887 1409; x_wconf 86' lang='lat' dir='ltr'>causas,</span> <span class='ocrx_word' id='word_1_89' title='bbox 924 1352 980 1395; x_wconf 89' lang='lat' dir='ltr'>cur</span> <span class='ocrx_word' id='word_1_90' title='bbox 1013 1340 1107 1415; x_wconf 84' lang='lat' dir='ltr'>putet</span> <span class='ocrx_word' id='word_1_91' title='bbox 1166 1365 1173 1375; x_wconf 94' lang='lat'>·</span> 
     </span>
     <span class='ocr_line' id='line_1_13' title="bbox 166 1421 1105 1503; baseline 0.003 -20"><span class='ocrx_word' id='word_1_92' title='bbox 166 1421 419 1486; x_wconf 86' lang='lat' dir='ltr'>misericordiam</span> <span class='ocrx_word' id='word_1_93' title='bbox 446 1442 521 1485; x_wconf 91' lang='lat' dir='ltr'>cum</span> <span class='ocrx_word' id='word_1_94' title='bbox 549 1422 681 1486; x_wconf 85' lang='lat' dir='ltr'>veritate</span> <span class='ocrx_word' id='word_1_95' title='bbox 710 1442 729 1485; x_wconf 93' lang='lat' dir='ltr'>a</span> <span class='ocrx_word' id='word_1_96' title='bbox 755 1423 914 1503; x_wconf 84' lang='lat' dir='ltr'>propheta</span> <span class='ocrx_word' id='word_1_97' title='bbox 941 1423 1105 1503; x_wconf 84' lang='lat' dir='ltr'>coniungi.</span> 
     </span>
     <span class='ocr_line' id='line_1_14' title="bbox 167 1510 1107 1593; baseline 0.003 -21"><span class='ocrx_word' id='word_1_98' title='bbox 167 1510 228 1573; x_wconf 86' lang='lat' dir='ltr'>Sed</span> <span class='ocrx_word' id='word_1_99' title='bbox 252 1510 336 1573; x_wconf 90' lang='lat' dir='ltr'>nihil</span> <span class='ocrx_word' id='word_1_100' title='bbox 358 1512 523 1593; x_wconf 88' lang='lat' dir='ltr'>prohibet,</span> <span class='ocrx_word' id='word_1_101' title='bbox 547 1511 745 1591; x_wconf 89' lang='lat' dir='ltr'>quominus</span> <span class='ocrx_word' id='word_1_102' title='bbox 768 1512 935 1575; x_wconf 84' lang='lat' dir='ltr'>veritatem</span> <span class='ocrx_word' id='word_1_103' title='bbox 959 1516 992 1575; x_wconf 88' lang='lat' dir='ltr'>ct</span> <span class='ocrx_word' id='word_1_104' title='bbox 1013 1512 1107 1575; x_wconf 79' lang='lat' dir='ltr'>mise</span> 
     </span>
     <span class='ocr_line' id='line_1_15' title="bbox 166 1599 1108 1682; baseline 0.001 -21"><span class='ocrx_word' id='word_1_105' title='bbox 166 1599 338 1663; x_wconf 88' lang='lat' dir='ltr'>ricordiam</span> <span class='ocrx_word' id='word_1_106' title='bbox 360 1615 418 1681; x_wconf 88' lang='lat' dir='ltr'>pro</span> <span class='ocrx_word' id='word_1_107' title='bbox 441 1607 508 1663; x_wconf 80' lang='lat' dir='ltr'>u&#39;na</span> <span class='ocrx_word' id='word_1_108' title='bbox 529 1607 563 1663; x_wconf 90' lang='lat' dir='ltr'>et</span> <span class='ocrx_word' id='word_1_109' title='bbox 585 1600 698 1663; x_wconf 88' lang='lat' dir='ltr'>eadem</span> <span class='ocrx_word' id='word_1_110' title='bbox 720 1620 764 1675; x_wconf 88' lang='lat' dir='ltr'>re,</span> <span class='ocrx_word' id='word_1_111' title='bbox 788 1600 849 1663; x_wconf 89' lang='lat' dir='ltr'>hoc</span> <span class='ocrx_word' id='word_1_112' title='bbox 872 1606 929 1677; x_wconf 85' lang='lat' dir='ltr'>est,</span> <span class='ocrx_word' id='word_1_113' title='bbox 953 1608 1108 1682; x_wconf 83' lang='lat' dir='ltr'>pro&#39;vera</span> 
     </span>
     <span class='ocr_line' id='line_1_16' title="bbox 166 1688 1110 1769; baseline 0 -18"><span class='ocrx_word' id='word_1_114' title='bbox 166 1688 387 1752; x_wconf 77' lang='lat' dir='ltr'>misericordia</span> <span class='ocrx_word' id='word_1_115' title='bbox 407 1694 441 1752; x_wconf 87' lang='lat' dir='ltr'>et</span> <span class='ocrx_word' id='word_1_116' title='bbox 463 1710 529 1754; x_wconf 91' lang='lat' dir='ltr'>non</span> <span class='ocrx_word' id='word_1_117' title='bbox 552 1689 703 1752; x_wconf 84' lang='lat' dir='ltr'>simulata</span> <span class='ocrx_word' id='word_1_118' title='bbox 718 1688 866 1769; x_wconf 89' lang='lat' dir='ltr'>accipias,</span> <span class='ocrx_word' id='word_1_119' title='bbox 891 1689 974 1751; x_wconf 88' lang='lat' dir='ltr'>sicut</span> <span class='ocrx_word' id='word_1_120' title='bbox 988 1690 1110 1753; x_wconf 87' lang='lat' dir='ltr'>Paulus</span> 
     </span>
     <span class='ocr_line' id='line_1_17' title="bbox 166 1770 1109 1863; baseline 0 -23"><span class='ocrx_word' id='word_1_121' title='bbox 166 1777 208 1840; x_wconf 88' lang='lat' dir='ltr'>ad</span> <span class='ocrx_word' id='word_1_122' title='bbox 231 1777 439 1841; x_wconf 79' lang='lat' dir='ltr'>Timotheum</span> <span class='ocrx_word' id='word_1_123' title='bbox 460 1785 554 1843; x_wconf 78' lang='lat' dir='ltr'>vocat</span> <span class='ocrx_word' id='word_1_124' title='bbox 574 1770 702 1863; x_wconf 68' lang='grc' dir='ltr'><em>ἀγάπην</em></span> <span class='ocrx_word' id='word_1_125' title='bbox 725 1774 760 1840; x_wconf 76' lang='grc' dir='ltr'>ἐκ</span> <span class='ocrx_word' id='word_1_126' title='bbox 792 1771 936 1859; x_wconf 57' lang='grc' dir='ltr'>καθαρᾶς</span> <span class='ocrx_word' id='word_1_127' title='bbox 965 1777 1109 1861; x_wconf 75' lang='grc' dir='ltr'><strong><em>καρδίας,</em></strong></span> 
     </span>
     <span class='ocr_line' id='line_1_18' title="bbox 167 1866 1107 1948; baseline -0.001 -20"><span class='ocrx_word' id='word_1_128' title='bbox 167 1866 374 1929; x_wconf 88' lang='lat' dir='ltr'>dilectionem</span> <span class='ocrx_word' id='word_1_129' title='bbox 396 1887 438 1929; x_wconf 87' lang='lat' dir='ltr'>ex</span> <span class='ocrx_word' id='word_1_130' title='bbox 458 1887 541 1948; x_wconf 84' lang='lat' dir='ltr'>puro</span> <span class='ocrx_word' id='word_1_131' title='bbox 563 1867 667 1943; x_wconf 89' lang='lat' dir='ltr'>corde,</span> <span class='ocrx_word' id='word_1_132' title='bbox 715 1866 816 1947; x_wconf 80' lang='lat' dir='ltr'>Saepe</span> <span class='ocrx_word' id='word_1_133' title='bbox 839 1867 927 1929; x_wconf 91' lang='lat' dir='ltr'>enim</span> <span class='ocrx_word' id='word_1_134' title='bbox 949 1866 1107 1929; x_wconf 85' lang='lat' dir='ltr'>benefaci-</span> 
     </span>
     <span class='ocr_line' id='line_1_19' title="bbox 119 1954 1107 2036; baseline 0 -19"><span class='ocrx_word' id='word_1_135' title='bbox 119 1983 123 1986; x_wconf 61' lang='grc'>’</span> <span class='ocrx_word' id='word_1_136' title='bbox 165 1975 240 2018; x_wconf 87' lang='lat' dir='ltr'>mus</span> <span class='ocrx_word' id='word_1_137' title='bbox 264 1955 335 2017; x_wconf 79' lang='lat' dir='ltr'>aliis</span> <span class='ocrx_word' id='word_1_138' title='bbox 359 1975 416 2036; x_wconf 87' lang='lat' dir='ltr'>ape</span> <span class='ocrx_word' id='word_1_139' title='bbox 439 1956 569 2020; x_wconf 87' lang='lat' dir='ltr'>maioris</span> <span class='ocrx_word' id='word_1_140' title='bbox 591 1954 769 2031; x_wconf 87' lang='lat' dir='ltr'>commodi,</span> <span class='ocrx_word' id='word_1_141' title='bbox 798 1974 892 2036; x_wconf 87' lang='lat' dir='ltr'>saepe</span> <span class='ocrx_word' id='word_1_142' title='bbox 915 1955 1050 2017; x_wconf 85' lang='lat' dir='ltr'>ambitio</span> <span class='ocrx_word' id='word_1_143' title='bbox 1072 1956 1107 2017; x_wconf 88' lang='lat' dir='ltr'>li·</span> 
     </span>
     <span class='ocr_line' id='line_1_20' title="bbox 166 2044 1109 2127; baseline 0.001 -21"><span class='ocrx_word' id='word_1_144' title='bbox 166 2044 290 2106; x_wconf 83' lang='lat' dir='ltr'>berales</span> <span class='ocrx_word' id='word_1_145' title='bbox 313 2044 401 2122; x_wconf 81' lang='lat' dir='ltr'>iacit,</span> <span class='ocrx_word' id='word_1_146' title='bbox 424 2053 520 2127; x_wconf 86' lang='lat' dir='ltr'>saepe</span> <span class='ocrx_word' id='word_1_147' title='bbox 543 2044 656 2127; x_wconf 90' lang='lat' dir='ltr'>pudor,</span> <span class='ocrx_word' id='word_1_148' title='bbox 685 2044 741 2107; x_wconf 87' lang='lat' dir='ltr'>sed</span> <span class='ocrx_word' id='word_1_149' title='bbox 764 2064 839 2107; x_wconf 88' lang='lat' dir='ltr'>vera</span> <span class='ocrx_word' id='word_1_150' title='bbox 860 2044 988 2107; x_wconf 92' lang='lat' dir='ltr'>dilectio</span> <span class='ocrx_word' id='word_1_151' title='bbox 1012 2064 1109 2107; x_wconf 89' lang='lat' dir='ltr'>suum</span> 
     </span>
     <span class='ocr_line' id='line_1_21' title="bbox 168 2133 1111 2215; baseline 0.002 -20"><span class='ocrx_word' id='word_1_152' title='bbox 168 2155 237 2196; x_wconf 89' lang='lat' dir='ltr'>non</span> <span class='ocrx_word' id='word_1_153' title='bbox 264 2135 406 2213; x_wconf 87' lang='lat' dir='ltr'>quaerit,</span> <span class='ocrx_word' id='word_1_154' title='bbox 436 2141 564 2198; x_wconf 88' lang='lat' dir='ltr'>tantum</span> <span class='ocrx_word' id='word_1_155' title='bbox 591 2135 722 2215; x_wconf 87' lang='lat' dir='ltr'>respicit</span> <span class='ocrx_word' id='word_1_156' title='bbox 751 2133 804 2196; x_wconf 91' lang='lat' dir='ltr'>dei</span> <span class='ocrx_word' id='word_1_157' title='bbox 833 2133 1040 2209; x_wconf 88' lang='lat' dir='ltr'>mandatum,</span> <span class='ocrx_word' id='word_1_158' title='bbox 1076 2138 1111 2197; x_wconf 90' lang='lat' dir='ltr'>et</span> 
     </span>
     <span class='ocr_line' id='line_1_22' title="bbox 166 2222 1111 2304; baseline 0.001 -19"><span class='ocrx_word' id='word_1_159' title='bbox 166 2223 309 2304; x_wconf 86' lang='lat' dir='ltr'>proximi</span> <span class='ocrx_word' id='word_1_160' title='bbox 330 2224 564 2286; x_wconf 87' lang='lat' dir='ltr'>necessitatem.</span> <span class='ocrx_word' id='word_1_161' title='bbox 611 2223 697 2285; x_wconf 84' lang='lat' dir='ltr'>Talis</span> <span class='ocrx_word' id='word_1_162' title='bbox 728 2222 870 2300; x_wconf 89' lang='lat' dir='ltr'>dilectio,</span> <span class='ocrx_word' id='word_1_163' title='bbox 900 2222 1009 2303; x_wconf 87' lang='lat' dir='ltr'>inquit</span> <span class='ocrx_word' id='word_1_164' title='bbox 1039 2243 1111 2304; x_wconf 85' lang='lat' dir='ltr'>pro·</span> 
     </span>
     <span class='ocr_line' id='line_1_23' title="bbox 166 2311 1110 2392; baseline -0.001 -18"><span class='ocrx_word' id='word_1_165' title='bbox 166 2312 277 2392; x_wconf 83' lang='lat' dir='ltr'>pheta,</span> <span class='ocrx_word' id='word_1_166' title='bbox 300 2331 464 2391; x_wconf 83' lang='lat' dir='ltr'>nusquam</span> <span class='ocrx_word' id='word_1_167' title='bbox 486 2312 659 2389; x_wconf 84' lang='lat' dir='ltr'>invenitur,</span> <span class='ocrx_word' id='word_1_168' title='bbox 684 2311 783 2391; x_wconf 82' lang='lat' dir='ltr'>igitur</span> <span class='ocrx_word' id='word_1_169' title='bbox 805 2332 871 2374; x_wconf 88' lang='lat' dir='ltr'>non</span> <span class='ocrx_word' id='word_1_170' title='bbox 888 2311 991 2376; x_wconf 88' lang='lat' dir='ltr'>aberit</span> <span class='ocrx_word' id='word_1_171' title='bbox 1005 2311 1110 2392; x_wconf 89' lang='lat' dir='ltr'>poena</span> 
     </span>
     <span class='ocr_line' id='line_1_24' title="bbox 167 2400 688 2481; baseline 0 -19"><span class='ocrx_word' id='word_1_172' title='bbox 167 2400 310 2481; x_wconf 84' lang='lat' dir='ltr'>longius.</span> <span class='ocrx_word' id='word_1_173' title='bbox 340 2444 343 2448; x_wconf 88' lang='lat'><em>-</em></span> <span class='ocrx_word' id='word_1_174' title='bbox 686 2470 688 2474; x_wconf 67' lang='lat'>,</span> 
     </span>
    </p>

    <p class='ocr_par' dir='ltr' id='par_1_4' title="bbox 114 2488 1116 2836">
     <span class='ocr_line' id='line_1_25' title="bbox 258 2488 1110 2569; baseline -0.002 -18"><span class='ocrx_word' id='word_1_175' title='bbox 258 2488 324 2562; x_wconf 78' lang='lat' dir='ltr'>Qui</span> <span class='ocrx_word' id='word_1_176' title='bbox 346 2489 513 2552; x_wconf 87' lang='lat' dir='ltr'>veritatem</span> <span class='ocrx_word' id='word_1_177' title='bbox 543 2488 734 2569; x_wconf 84' lang='lat' dir='ltr'>simpliciter</span> <span class='ocrx_word' id='word_1_178' title='bbox 762 2489 924 2569; x_wconf 86' lang='lat' dir='ltr'>accipiunt</span> <span class='ocrx_word' id='word_1_179' title='bbox 953 2507 1011 2569; x_wconf 91' lang='lat' dir='ltr'>pro</span> <span class='ocrx_word' id='word_1_180' title='bbox 1039 2505 1110 2549; x_wconf 91' lang='lat' dir='ltr'>con·</span> 
     </span>
     <span class='ocr_line' id='line_1_26' title="bbox 114 2568 1113 2657; baseline -0.002 -17"><span class='ocrx_word' id='word_1_181' title='bbox 114 2568 121 2578; x_wconf 75' lang='grc'>’</span> <span class='ocrx_word' id='word_1_182' title='bbox 168 2577 289 2640; x_wconf 88' lang='lat' dir='ltr'>stantia</span> <span class='ocrx_word' id='word_1_183' title='bbox 310 2578 347 2640; x_wconf 90' lang='lat' dir='ltr'>in</span> <span class='ocrx_word' id='word_1_184' title='bbox 368 2577 464 2640; x_wconf 84' lang='lat' dir='ltr'>dictis</span> <span class='ocrx_word' id='word_1_185' title='bbox 487 2584 520 2640; x_wconf 88' lang='lat' dir='ltr'>et</span> <span class='ocrx_word' id='word_1_186' title='bbox 541 2577 650 2654; x_wconf 79' lang='lat' dir='ltr'>factis,</span> <span class='ocrx_word' id='word_1_187' title='bbox 681 2578 718 2639; x_wconf 92' lang='lat' dir='ltr'>hi</span> <span class='ocrx_word' id='word_1_188' title='bbox 740 2577 872 2657; x_wconf 88' lang='lat' dir='ltr'>quidem</span> <span class='ocrx_word' id='word_1_189' title='bbox 900 2597 966 2639; x_wconf 92' lang='lat' dir='ltr'>non</span> <span class='ocrx_word' id='word_1_190' title='bbox 994 2582 1113 2652; x_wconf 83' lang='lat' dir='ltr'>errant,</span> 
     </span>
     <span class='ocr_line' id='line_1_27' title="bbox 168 2665 1116 2747; baseline -0.002 -19"><span class='ocrx_word' id='word_1_191' title='bbox 168 2665 427 2729; x_wconf 87' lang='lat' dir='ltr'>sedincluditur</span> <span class='ocrx_word' id='word_1_192' title='bbox 448 2667 529 2729; x_wconf 88' lang='lat' dir='ltr'>haec</span> <span class='ocrx_word' id='word_1_193' title='bbox 551 2686 681 2747; x_wconf 90' lang='lat' dir='ltr'>quoque</span> <span class='ocrx_word' id='word_1_194' title='bbox 702 2666 739 2728; x_wconf 93' lang='lat' dir='ltr'>in</span> <span class='ocrx_word' id='word_1_195' title='bbox 762 2665 981 2742; x_wconf 89' lang='lat' dir='ltr'>dilectionem,</span> <span class='ocrx_word' id='word_1_196' title='bbox 1013 2684 1116 2745; x_wconf 80' lang='lat' dir='ltr'>quam.</span> 
     </span>
     <span class='ocr_line' id='line_1_28' title="bbox 167 2755 874 2836; baseline 0 -18"><span class='ocrx_word' id='word_1_197' title='bbox 167 2755 330 2836; x_wconf 84' lang='lat' dir='ltr'>propheta</span> <span class='ocrx_word' id='word_1_198' title='bbox 350 2755 406 2818; x_wconf 89' lang='lat' dir='ltr'>hic</span> <span class='ocrx_word' id='word_1_199' title='bbox 427 2755 675 2819; x_wconf 89' lang='lat' dir='ltr'>beneficentiam</span> <span class='ocrx_word' id='word_1_200' title='bbox 697 2761 799 2820; x_wconf 84' lang='lat' dir='ltr'>vocat.</span> <span class='ocrx_word' id='word_1_201' title='bbox 872 2789 874 2792; x_wconf 32' lang='lat' dir='ltr'>v</span> 
     </span>
    </p>
   </div>
   <div class='ocr_carea' id='block_1_3' title="bbox 167 2926 1228 3546">
    <p class='ocr_par' dir='ltr' id='par_1_5' title="bbox 173 2926 1115 3042">
     <span class='ocr_line' id='line_1_29' title="bbox 173 2926 1115 3042; baseline -0.002 -46"><span class='ocrx_word' id='word_1_202' title='bbox 173 2926 265 3042; x_wconf 66' lang='lat' dir='ltr'>2Suu</span> <span class='ocrx_word' id='word_1_203' title='bbox 294 2932 383 2994; x_wconf 90' lang='lat' dir='ltr'>unde</span> <span class='ocrx_word' id='word_1_204' title='bbox 412 2933 474 2996; x_wconf 86' lang='lat' dir='ltr'>hoc</span> <span class='ocrx_word' id='word_1_205' title='bbox 502 2932 626 2996; x_wconf 90' lang='lat' dir='ltr'>malum</span> <span class='ocrx_word' id='word_1_206' title='bbox 657 2932 779 3012; x_wconf 85' lang='lat' dir='ltr'>ingruit</span> <span class='ocrx_word' id='word_1_207' title='bbox 806 2933 842 2994; x_wconf 88' lang='lat' dir='ltr'>iu</span> <span class='ocrx_word' id='word_1_208' title='bbox 871 2931 1045 3007; x_wconf 88' lang='lat' dir='ltr'>mundum,</span> <span class='ocrx_word' id='word_1_209' title='bbox 1076 2938 1115 2994; x_wconf 86' lang='lat' dir='ltr'>ut</span> 
     </span>
    </p>

    <p class='ocr_par' dir='ltr' id='par_1_6' title="bbox 167 3019 1228 3546">
     <span class='ocr_line' id='line_1_30' title="bbox 248 3019 1117 3098; baseline -0.003 -14"><span class='ocrx_word' id='word_1_210' title='bbox 248 3021 332 3084; x_wconf 91' lang='lat' dir='ltr'>nihil</span> <span class='ocrx_word' id='word_1_211' title='bbox 353 3019 436 3098; x_wconf 85' lang='lat' dir='ltr'>veri,</span> <span class='ocrx_word' id='word_1_212' title='bbox 468 3021 525 3083; x_wconf 90' lang='lat' dir='ltr'>sed</span> <span class='ocrx_word' id='word_1_213' title='bbox 548 3021 659 3084; x_wconf 89' lang='lat' dir='ltr'>omnia</span> <span class='ocrx_word' id='word_1_214' title='bbox 681 3021 832 3083; x_wconf 89' lang='lat' dir='ltr'>simulata</span> <span class='ocrx_word' id='word_1_215' title='bbox 854 3019 935 3095; x_wconf 89' lang='lat' dir='ltr'>sint,</span> <span class='ocrx_word' id='word_1_216' title='bbox 967 3025 999 3082; x_wconf 86' lang='lat' dir='ltr'>et</span> <span class='ocrx_word' id='word_1_217' title='bbox 1026 3019 1117 3086; x_wconf 76' lang='lat' dir='ltr'>milla</span> 
     </span>
     <span class='ocr_line' id='line_1_31' title="bbox 167 3107 1228 3190; baseline -0.003 -18"><span class='ocrx_word' id='word_1_218' title='bbox 167 3130 312 3190; x_wconf 87' lang='lat' dir='ltr'>usquam</span> <span class='ocrx_word' id='word_1_219' title='bbox 328 3109 394 3172; x_wconf 88' lang='lat' dir='ltr'>veri</span> <span class='ocrx_word' id='word_1_220' title='bbox 418 3110 535 3172; x_wconf 87' lang='lat' dir='ltr'>amoris</span> <span class='ocrx_word' id='word_1_221' title='bbox 559 3115 730 3173; x_wconf 87' lang='lat' dir='ltr'>cernantur</span> <span class='ocrx_word' id='word_1_222' title='bbox 751 3107 895 3170; x_wconf 77' lang='lat' dir='ltr'>indicia?</span> <span class='ocrx_word' id='word_1_223' title='bbox 917 3107 998 3172; x_wconf 88' lang='lat' dir='ltr'>Inde</span> <span class='ocrx_word' id='word_1_224' title='bbox 1022 3108 1117 3170; x_wconf 80' lang='lat' dir='ltr'>nimi·</span> <span class='ocrx_word' id='word_1_225' title='bbox 1226 3125 1228 3130; x_wconf 87' lang='lat'>·</span> 
     </span>
     <span class='ocr_line' id='line_1_32' title="bbox 169 3197 1114 3278; baseline -0.002 -18"><span class='ocrx_word' id='word_1_226' title='bbox 169 3218 253 3275; x_wconf 89' lang='lat' dir='ltr'>rum,</span> <span class='ocrx_word' id='word_1_227' title='bbox 279 3199 368 3278; x_wconf 92' lang='lat' dir='ltr'>quod</span> <span class='ocrx_word' id='word_1_228' title='bbox 389 3199 480 3261; x_wconf 85' lang='lat' dir='ltr'>nulla</span> <span class='ocrx_word' id='word_1_229' title='bbox 501 3199 555 3261; x_wconf 92' lang='lat' dir='ltr'>dei</span> <span class='ocrx_word' id='word_1_230' title='bbox 577 3199 698 3262; x_wconf 87' lang='lat' dir='ltr'>noticia</span> <span class='ocrx_word' id='word_1_231' title='bbox 720 3204 769 3261; x_wconf 90' lang='lat' dir='ltr'>est</span> <span class='ocrx_word' id='word_1_232' title='bbox 791 3197 826 3258; x_wconf 90' lang='lat' dir='ltr'>in</span> <span class='ocrx_word' id='word_1_233' title='bbox 841 3197 1028 3260; x_wconf 90' lang='lat' dir='ltr'>hominibus</span> <span class='ocrx_word' id='word_1_234' title='bbox 1051 3197 1114 3259; x_wconf 93' lang='lat' dir='ltr'>hoo</span> 
     </span>
     <span class='ocr_line' id='line_1_33' title="bbox 169 3285 1112 3368; baseline -0.002 -19"><span class='ocrx_word' id='word_1_235' title='bbox 169 3294 237 3364; x_wconf 75' lang='lat' dir='ltr'>est,</span> <span class='ocrx_word' id='word_1_236' title='bbox 254 3287 343 3367; x_wconf 90' lang='lat' dir='ltr'>quod</span> <span class='ocrx_word' id='word_1_237' title='bbox 365 3288 513 3351; x_wconf 87' lang='lat' dir='ltr'>homines</span> <span class='ocrx_word' id='word_1_238' title='bbox 537 3288 706 3368; x_wconf 81' lang='lat' dir='ltr'>negligunt</span> <span class='ocrx_word' id='word_1_239' title='bbox 727 3286 871 3363; x_wconf 86' lang='lat' dir='ltr'>verbum,</span> <span class='ocrx_word' id='word_1_240' title='bbox 896 3285 983 3366; x_wconf 90' lang='lat' dir='ltr'>quod</span> <span class='ocrx_word' id='word_1_241' title='bbox 997 3286 1112 3351; x_wconf 83' lang='lat' dir='ltr'>nullos</span> 
     </span>
     <span class='ocr_line' id='line_1_34' title="bbox 169 3371 1115 3461; baseline -0.003 -23"><span class='ocrx_word' id='word_1_242' title='bbox 169 3375 295 3440; x_wconf 79' lang='lat' dir='ltr'>‘rabent</span> <span class='ocrx_word' id='word_1_243' title='bbox 317 3376 388 3458; x_wconf 85' lang='lat' dir='ltr'>pios</span> <span class='ocrx_word' id='word_1_244' title='bbox 411 3375 566 3439; x_wconf 84' lang='lat' dir='ltr'>doctores.</span> <span class='ocrx_word' id='word_1_245' title='bbox 604 3377 708 3457; x_wconf 81' lang='lat' dir='ltr'>Igitur</span> <span class='ocrx_word' id='word_1_246' title='bbox 727 3376 784 3461; x_wconf 84' lang='lat' dir='ltr'>qui</span> <span class='ocrx_word' id='word_1_247' title='bbox 798 3375 876 3441; x_wconf 91' lang='lat' dir='ltr'>huic</span> <span class='ocrx_word' id='word_1_248' title='bbox 891 3375 985 3455; x_wconf 80' lang='lat' dir='ltr'>quasi</span> <span class='ocrx_word' id='word_1_249' title='bbox 999 3371 1115 3436; x_wconf 89' lang='lat' dir='ltr'>morbo</span> 
     </span>
     <span class='ocr_line' id='line_1_35' title="bbox 181 3463 1115 3546; baseline -0.003 -19"><span class='ocrx_word' id='word_1_250' title='bbox 181 3465 289 3543; x_wconf 81' lang='lat' dir='ltr'>nundi</span> <span class='ocrx_word' id='word_1_251' title='bbox 312 3465 450 3546; x_wconf 88' lang='lat' dir='ltr'>cupiunt</span> <span class='ocrx_word' id='word_1_252' title='bbox 469 3463 601 3542; x_wconf 83' lang='lat' dir='ltr'>mederi,</span> <span class='ocrx_word' id='word_1_253' title='bbox 621 3464 803 3534; x_wconf 70' lang='lat' dir='ltr'>‘adhibeant</span> <span class='ocrx_word' id='word_1_254' title='bbox 817 3483 929 3530; x_wconf 86' lang='lat' dir='ltr'>verum</span> <span class='ocrx_word' id='word_1_255' title='bbox 944 3469 977 3526; x_wconf 90' lang='lat' dir='ltr'>et</span> <span class='ocrx_word' id='word_1_256' title='bbox 990 3469 1115 3526; x_wconf 90' lang='lat' dir='ltr'>rectum</span> 
     </span>
    </p>
   </div>
   <div class='ocr_carea' id='block_1_4' title="bbox 201 3672 1114 3801">
    <p class='ocr_par' dir='ltr' id='par_1_7' title="bbox 201 3672 1114 3801">
     <span class='ocr_line' id='line_1_36' title="bbox 265 3672 1114 3740; baseline -0.002 -13"><span class='ocrx_word' id='word_1_257' title='bbox 265 3673 295 3740; x_wconf 86' lang='lat'>1)</span> <span class='ocrx_word' id='word_1_258' title='bbox 312 3673 429 3728; x_wconf 83' lang='lat' dir='ltr'>Veritas</span> <span class='ocrx_word' id='word_1_259' title='bbox 446 3680 476 3729; x_wconf 92' lang='lat' dir='ltr'>et</span> <span class='ocrx_word' id='word_1_260' title='bbox 494 3673 698 3730; x_wconf 85' lang='lat' dir='ltr'>misericordia.</span> <span class='ocrx_word' id='word_1_261' title='bbox 735 3673 762 3738; x_wconf 78' lang='lat'>2)</span> <span class='ocrx_word' id='word_1_262' title='bbox 780 3673 838 3728; x_wconf 88' lang='lat' dir='ltr'>Ubi</span> <span class='ocrx_word' id='word_1_263' title='bbox 857 3677 974 3728; x_wconf 82' lang='lat' dir='ltr'>nonest</span> <span class='ocrx_word' id='word_1_264' title='bbox 991 3672 1114 3730; x_wconf 85' lang='lat' dir='ltr'>verbum</span> 
     </span>
     <span class='ocr_line' id='line_1_37' title="bbox 201 3742 600 3801; baseline 0.01 -5"><span class='ocrx_word' id='word_1_265' title='bbox 201 3742 218 3795; x_wconf 83' lang='lat' dir='ltr'>·i</span> <span class='ocrx_word' id='word_1_266' title='bbox 235 3761 296 3798; x_wconf 89' lang='lat' dir='ltr'>non</span> <span class='ocrx_word' id='word_1_267' title='bbox 316 3750 363 3799; x_wconf 83' lang='lat' dir='ltr'>eat</span> <span class='ocrx_word' id='word_1_268' title='bbox 379 3761 449 3800; x_wconf 87' lang='lat' dir='ltr'>vera</span> <span class='ocrx_word' id='word_1_269' title='bbox 467 3746 600 3801; x_wconf 81' lang='lat' dir='ltr'>charitas</span> 
     </span>
    </p>
   </div>
   <div class='ocr_carea' id='block_1_5' title="bbox 0 0 1303 4225">
    <p class='ocr_par' dir='ltr' id='par_1_8' title="bbox 0 0 1303 4225">
     <span class='ocr_line' id='line_1_38' title="bbox 0 0 1303 4225; baseline 0 0"><span class='ocrx_word' id='word_1_270' title='bbox 0 0 1303 4225; x_wconf 95' lang='lat' dir='ltr'> </span> 
     </span>
    </p>
   </div>
  </div>
 </body>
</html>
