2575 4225
219 300 285 363 334
560 299 666 380 Caput
688 304 815 361 sextum

219 506 224 520 ·
307 478 420 558 Itaque
443 478 490 559 pii
512 478 691 559 trepidant,
719 496 794 539 cum
815 476 851 538 in
873 481 941 539 tam
963 476 1165 558 multiplicia

218 567 361 648 pericula
382 567 557 629 intuentur.
605 566 668 629 Sed
689 567 846 647 propheta
875 566 1057 628 consolatur
1086 586 1161 643 nos,

218 656 380 731 futurum,
405 661 443 717 ut
465 655 548 718 sieut
569 656 689 717 frustra
709 656 881 731 laboraret,
911 654 968 733 qui
990 660 1166 717 conaretur

219 749 403 823 surgentem
430 764 578 807 auroram
605 746 799 825 opprimere,
829 744 875 807 ita
901 744 1059 823 evangelii
1082 764 1164 824 quo·
1283 758 1284 785 ³

219 852 282 912 que
308 834 420 895 lumen
448 839 655 915 sumpturum
682 834 827 897 maxima
854 833 1067 909 incrementa,
1099 853 1165 895 nec

219 921 370 1001 impediri
392 942 485 1003 posse
509 928 574 995 aut,
587 922 735 1004 opprimi.
782 922 866 984 Nam
889 922 994 985 exitus
1011 923 1080 985 eius
1099 928 1165 985 sta·
1282 912 1284 933 ¹

219 1010 330 1073 bilitus
353 1017 420 1087 est,
452 1016 489 1073 ut
511 1010 663 1091 impediri
685 1032 752 1074 non
774 1012 885 1091 possit.
933 1010 1022 1073 Sicut
1045 1010 1164 1073 eadem
1282 1040 1284 1111 ᾗ

220 1099 322 1178 figura
342 1095 491 1162 ¹Simeon
513 1100 549 1162 in
572 1100 695 1163 cantico
720 1119 777 1163 suo
797 1105 950 1176 nauseet,
976 1119 1051 1163 cum
1067 1105 1166 1164 vocat

221 1188 384 1259 Christum
407 1189 558 1265 salutare,
585 1194 736 1270 paratum
763 1194 837 1251 ante
866 1189 982 1251 facicm
1011 1190 1166 1251 omnium

218 1278 423 1358 populorum,
447 1278 516 1340 hoc'
532 1283 589 1354 est,
613 1278 788 1354 firmmum,
813 1278 1001 1341 stabilitum.

264 1451 328 1560 Er
356 1454 487 1517 veniet
510 1454 624 1517 nobis
648 1456 754 1537 sicut
775 1454 927 1536 pluvia,
952 1455 1167 1517 sicutsera

327 1542 463 1622 pluvia
485 1547 623 1605 terrae.

196 1702 202 1711 '
225 1694 350 1810 ²Haec
374 1707 423 1764 est
445 1701 544 1764 altera
567 1703 751 1779 consolatio,
800 1702 893 1776 Quod
915 1702 1049 1765 verbum
1079 1702 1165 1765 sicut

317 1810 383 1853 non
406 1790 524 1871 poterit
545 1791 706 1872 impediri,
731 1792 778 1853 ita
799 1792 898 1853 etiam
913 1797 1036 1853 certum
1056 1791 1166 1873 pariet

221 1879 372 1942 fructum.
418 1881 490 1942 Hoc
518 1882 606 1941 enim
632 1885 699 1942 rete
731 1885 792 1955 est,
825 1880 912 1959 quod
940 1880 976 1942 in
997 1881 1164 1943 mundum

221 1974 377 2048 tanquam
399 1969 435 2030 in
457 1988 545 2030 mare
575 1970 678 2031 voluit
700 1968 845 2031 Christus
875 1969 916 2031 ab
945 1970 1098 2050 apostolis
1129 1975 1164 2033 et
1282 1956 1284 1979 ¹

221 2057 405 2121 doctoribus
426 2057 553 2139 proiici,
582 2057 625 2120 ad
648 2057 820 2140 capiendos
842 2058 992 2121 homines
1015 2056 1057 2121 ad
1080 2058 1162 2121 salu-

221 2140 316 2207 tem.³
365 2148 455 2208 Haec
478 2147 567 2209 enim
589 2167 686 2210 causa
708 2152 770 2223 est,
801 2167 857 2210 cur
879 2147 1038 2228 propheta
1068 2168 1163 2211 evan·

221 2234 340 2312 geliuin
362 2236 490 2316 pluviae
515 2242 694 2316 comparet,
727 2235 912 2316 etquidem
940 2255 1045 2312 serae,
1078 2256 1164 2316 quae

221 2329 361 2402 segetem
384 2329 474 2386 aestu
497 2324 573 2386 solis
596 2324 725 2386 assiduo
748 2344 831 2405 pene
862 2327 1070 2402 exhaustam,
1100 2326 1162 2388 sub

220 2413 334 2475 messis
372 2418 501 2494 tempus
538 2419 673 2490 recreat,
711 2418 749 2475 ut
786 2414 1020 2502 incrementum
1057 2415 1165 2494 possit

221 2521 356 2564 sumere,

265 2657 375 2772 Qvid
399 2661 541 2721 faciam
564 2661 638 2723 tibi
658 2661 870 2740 Ephraim?
893 2661 996 2734 Quid
1019 2661 1163 2724 faciam

336 2748 415 2809 tibi
452 2747 578 2809 Iuda?
615 2749 915 2826 Beneficentia,
955 2769 1165 2830 qua-erga

264 2855 333 2899 vos
356 2842 456 2913 utar,
488 2836 565 2898 erit
587 2836 689 2899 sicut
711 2839 836 2901 nubes
863 2838 1089 2916 matutina,
1121 2845 1164 2902 et

264 2925 372 2988 sicut
394 2945 458 2988 ros
481 2945 592 2988 mane
615 2927 791 2989 veniens.

219 3083 322 3193 Ducit
343 3087 502 3167 propheta
524 3086 564 3148 de
586 3091 730 3167 tempore
753 3086 829 3150 novi
851 3086 1044 3164 testamenti,
1070 3087 1163 3166 quod
1280 3105 1281 3130 ³

285 3174 523 3256 praedicabitur
544 3175 691 3237 liberatio
714 3195 734 3235 a
755 3180 858 3238 morte
884 3195 943 3256 per
965 3175 1085 3237 Christi
1113 3197 1149 3238 re

220 3263 448 3326 surrectionem
471 3268 503 3325 et
526 3270 655 3325 aeterna
676 3263 752 3326 vita.
798 3265 939 3326 Actum
966 3283 1040 3327 vere
1071 3265 1161 3344 agni·

219 3359 307 3415 turos
335 3351 485 3414 homines
515 3350 622 3414 deum.
668 3352 741 3414 Non
768 3353 856 3414 enim
881 3352 1043 3416 timebunt
1070 3373 1143 3415 eun

203 3443 302 3504 *sicut
325 3446 482 3521 cogrmtcr
504 3441 625 3516 timere,
651 3441 768 3520 quibus
791 3447 876 3504 recte
898 3447 993 3505 notus
1015 3462 1082 3504 non
1098 3462 1140 3504 est

219 3530 274 3592 sed
298 3531 501 3610 acquiescent
526 3529 562 3591 in
585 3529 653 3590 eius
676 3530 901 3592 misericordia.
948 3531 1019 3592 lltsi
1047 3537 1140 3593 auter

308 3704 335 3769 1)
361 3704 487 3772 Simeon,
512 3704 579 3758 Luc,
605 3703 630 3756 2.
668 3703 696 3773 2)
722 3705 911 3772 Evangelium
935 3720 995 3758 non
1020 3708 1065 3759 est
1093 3705 1132 3759 sir

59 3745 64 3750 ’
97 3768 106 3774 ’
218 3775 320 3827 suctu.
356 3774 385 3841 a)
405 3775 472 3828 sera
489 3775 595 3842 pluvia.
