2575 4225
210 305 274 367 518
550 298 719 381 Principal.
743 297 805 360 looi

208 487 262 544 tur
284 480 377 542 nobis
393 478 579 558 exemplum
594 477 762 541 Israelitioi
784 476 905 557 populi,
929 481 968 539 ut
986 476 1151 558 fugiamus

208 569 406 645 idolatriam,
438 566 600 646 siquidem
622 566 830 630 horribilibus
858 565 972 647 poenis
999 566 1151 630 dominus
1203 616 1206 618 -
1276 575 1277 580 ’

210 678 282 721 eam
312 658 347 719 in
375 676 433 719 suo
455 657 577 737 populo
607 655 695 718 ultus
718 660 776 718 est.
822 655 894 716 Hoc
920 654 1064 735 primum
1093 661 1150 732 est,

209 747 297 828 quod
313 747 423 808 Hosea
445 745 521 826 agit,
546 765 583 807 ao
606 750 683 807 sunt
705 744 770 807 huo
793 740 977 806 referendae
1000 744 1151 825 insignio·

209 856 259 898 res
283 835 470 911 sententiae,
496 853 576 913 quas
599 833 722 915 passim
744 833 852 895 habet.

304 919 509 987 ¹Idolatriam
538 929 631 988 vocat
659 922 867 998 adulterium,
898 941 935 984 ao
962 921 1060 984 deum
1083 929 1153 986 tam

211 1013 333 1076 offendi
361 1012 441 1075 dicit
469 1012 643 1075 idolatriois
667 1011 819 1087 cultibus,
849 1030 947 1091 quam
977 1010 1153 1075 offenditur

209 1104 344 1166 maritus
368 1102 524 1164 adulterio
547 1101 693 1181 coniugis
716 1120 801 1163 suae.

209 1277 255 1390 Iu
283 1285 397 1360 quarto
420 1280 524 1359 eapite
547 1278 641 1341 dicit:
676 1277 866 1354 Fornicatio,
891 1277 1005 1340 vinum
1028 1284 1061 1341 et
1084 1300 1152 1342 mu·

256 1374 344 1432 stum
371 1369 523 1431 auferunt
549 1387 611 1431 cor.
658 1367 747 1430 Siout
773 1367 861 1429 enim
891 1367 1003 1447 etqui
1029 1376 1152 1446 amant,

210 1464 242 1520 et
270 1458 328 1537 qui
357 1457 438 1519 ebrii
461 1463 552 1533 sunt,
580 1463 689 1520 mente
717 1461 840 1532 carent,
873 1461 905 1519 et
927 1461 1056 1520 tantum
1085 1479 1154 1520 non

209 1546 386 1607 insaniunt.
439 1546 490 1606 Ita
522 1564 650 1624 quoque
683 1545 831 1608 idolatria
863 1545 1028 1609 dementes
1063 1546 1151 1623 faoit,

208 1641 246 1696 ut
269 1655 335 1696 non
358 1633 487 1710 erudiri,
512 1654 578 1696 non
601 1634 709 1696 sanari
723 1634 820 1699 verbo
844 1634 977 1714 possint,
1003 1633 1060 1697 sed
1083 1641 1153 1698 tan-

209 1743 309 1803 quam
331 1724 418 1786 caeoi
432 1729 541 1800 ruunt,
566 1743 759 1803 quoeunque
777 1722 913 1803 spiritus
929 1723 1153 1788 fornicationis

209 1832 263 1875 eos
286 1812 434 1895 impellit,
459 1813 543 1875 siout
564 1813 600 1874 in
622 1813 759 1893 papistis
782 1810 938 1875 videmus.

233 2011 254 2051 n
277 2010 365 2053 nono
388 1991 494 2072 capite
516 1991 604 2068 dicit,
632 1988 814 2052 idolatriam
838 1990 935 2052 etiam
956 1989 1068 2071 puniri
1090 1991 1156 2054 hoo

210 2117 215 2121 -
255 2079 363 2157 modo,
387 2087 425 2144 ut
447 2081 526 2144 deus
542 2080 698 2149 immittat
720 2079 817 2142 falsos
834 2078 987 2143 doctores.
1018 2079 1156 2162 Propter

209 2175 300 2231 tuam
328 2168 549 2248 iniquitatem,
580 2171 640 2246 ait,
681 2173 714 2231 et
740 2170 914 2231 vehemens
941 2169 1053 2231 odium
1082 2190 1154 2249 pro·
1281 2206 1282 2245 3

208 2259 308 2377 {rheta
330 2258 448 2320 stultus
468 2265 528 2362 est,
553 2265 586 2361 et
607 2258 687 2321 furit
710 2257 767 2337 qui
780 2258 942 2350 ¹gloriatur
964 2257 1004 2319 ds
1023 2259 1155 2339 spiritu·

232 2346 284 2409 διο
302 2347 420 2410 Paulus
443 2346 531 2424 drert,
554 2353 689 2410 immrttr
704 2346 849 2409 efficaces
868 2366 996 2423 errores,
1020 2352 1155 2429 propter

208 2436 376 2514 veritatem
398 2457 464 2499 non
487 2436 651 2499 creditam.

207 2610 253 2721 Iu
281 2613 502 2715 decimotertio
526 2614 630 2694 capite
654 2614 741 2691 dicit,
764 2614 957 2717 idolatriam·
970 2611 1039 2705 'fere
1060 2578 1154 2678 nasei
1272 2669 1281 2712 .·‘

255 2720 297 2761 ex
319 2702 468 2762 seeundrs
484 2702 588 2777 rebus,
614 2722 655 2763 ex
677 2704 742 2765 otio
766 2709 798 2765 et
813 2704 981 2765 affluentra
1002 2703 1154 2766 omnium

208 2808 331 2863 rerum,
371 2808 446 2849 oum
480 2788 608 2850 abunde
642 2810 696 2853 eos
731 2811 909 2871 pascerem,
951 2797 983 2854 et
1016 2793 1154 2855 saturati
1275 2808 1282 2887 ,ζ

208 2883 328 2954 essent,
358 2878 519 2941 elevatum
541 2883 591 2941 est
612 2899 668 2942 oor
689 2900 817 2957 eorum,
841 2881 904 2943 hoa
926 2886 987 2957 est,
1014 2882 1154 2944 verbum

209 2967 408 3044 abiecerunt,
439 2973 472 3029 et
494 2967 556 3030 sibi
579 2974 760 3032 statuerunt
783 2970 887 3032 eulbrs
917 2989 998 3050 quos
1020 2970 1152 3033 vellent.
1272 2967 1282 3021 ἱ

297 3056 489 3118 Afferendae
505 3076 633 3137 quoque
648 3059 713 3120 hue
735 3063 811 3121 sunt
826 3054 1013 3135 sententiae,
1029 3058 1066 3119 in
1081 3059 1152 3138 qui·
1271 3080 1282 3147 ,ἦ

208 3146 270 3207 bus
301 3146 445 3208 minatur
471 3146 630 3226 propheta
658 3146 803 3209 idolatris
833 3166 870 3209 ae
897 3147 988 3211 verbi
1010 3152 1152 3209 oontem-
1273 3145 1282 3222 ζ

208 3234 356 3315 ptoribus
378 3234 562 3297 vastitatem
591 3240 624 3298 et
645 3236 724 3297 alias
747 3253 885 3317 poenas,
915 3236 1019 3315 qualis
1042 3241 1093 3299 est
1116 3236 1154 3299 in
1273 3251 1282 3294 3

209 3323 314 3404 oapite
338 3329 460 3403 quarto
1272 3318 1282 3361 ⁴

297 3412 338 3474 In
364 3418 479 3492 quarto
501 3413 621 3493 eapite:
656 3412 797 3494 Populus
826 3432 918 3476 meus
946 3411 1043 3494 perit,
1073 3413 1129 3493 qu‘

209 3501 278 3563 sine
300 3502 397 3564 verbo
421 3506 477 3563 est.
525 3502 568 3565 lit
586 3502 682 3583 paulo
698 3508 786 3584 post:
808 3501 950 3584 Populus
965 3522 1033 3564 non
1048 3506 1135 3565 attan

208 3588 289 3652 dens
310 3590 407 3653 verbo
429 3589 531 3653 cadet.

299 3781 326 3844 1)
344 3782 481 3835 Idolatria
499 3782 640 3838 adulterio
659 3784 846 3865 comparatur.
884 3780 912 3850 2)
932 3781 957 3835 2.
977 3781 1061 3837 Thes.
1081 3781 1109 3835 2.
