2575 4225
219 263 284 327 320
552 261 658 344 Caput
680 262 832 345 quintum

308 442 409 505 Tinea
424 440 512 505 enim
527 440 611 503 nihil
624 440 818 504 molliust
769 447 827 517 est,
851 460 918 503 non
934 439 1022 503 enim
1036 445 1158 503 tactum

218 531 377 597 sustinere
392 535 691 612 potestetettamen
705 490 862 610 paulatim
878 528 998 592 arrodit
984 534 1158 611 tpannum

218 627 258 685 ut
279 619 321 684 ad
343 627 413 684 vest
399 618 548 684 tiendum
570 638 701 701 prorsus
724 618 767 681 sit
753 618 924 682 tinutilis.

310 708 432 786 ,Rakar
468 714 517 772 est
549 707 788 771 minutissimus
821 706 1028 782 vermiculus,
1064 705 1160 769 latini

218 759 411 874 teredinem,
447 796 512 861 nisi
533 796 641 874 fallor,
666 797 844 879 appellant,
869 795 1048 860 sedetiam
1070 815 1160 876 gran

218 888 275 951 dia
296 888 396 990 ligna·
406 886 510 950 erodit
496 847 700 968 tpaulalim

308 976 396 1039 Sic
387 995 435 1038 rra
461 974 587 1041 domini
615 974 845 1056 superbissime
873 971 1090 1038 contemnitur
1120 972 1161 1036 ab

218 1064 339 1147 impiis,
370 1071 528 1145 tanquam
550 1064 579 1127 si
601 1064 645 1127 sit
667 1084 749 1129 vana
772 1070 805 1127 et
827 1063 897 1127 sine
919 1062 1050 1139 viribus,
1078 1062 1164 1125 sicut

218 1155 308 1218 tinea
330 1161 362 1218 et
384 1154 510 1231 teredo,
539 1153 595 1217 sed
618 1159 728 1216 tamen
760 1152 919 1233 quidquid
949 1151 1166 1233 occupaverit,
1283 1212 1284 1217 ,

180 1298 183 1305 .
217 1244 281 1307 hoc
303 1244 460 1325 paulatim
481 1242 573 1324 perit,
598 1262 658 1305 nec
680 1247 787 1324 potest
808 1243 875 1305 1111
889 1242 1013 1305 ratione
1035 1240 1163 1304 restitui

220 1333 257 1393 in
277 1332 450 1411 integrum.
1282 1326 1284 1355 ⁴

258 1491 260 1494 ¹
311 1420 415 1493 Quare
438 1420 600 1501 pertinent
622 1419 684 1481 hae
708 1418 877 1481 conciones
901 1418 943 1481 ad
965 1439 1025 1482 nos
1048 1418 1163 1481 docen-

220 1508 288 1585 dos,
313 1528 354 1571 ne
377 1510 479 1571 simus
502 1508 619 1583 securi,
648 1507 703 1570 sed
727 1513 764 1570 ut
786 1507 957 1571 timeamus
980 1507 1162 1583 dominum,

221 1604 254 1661 ct
277 1597 480 1660 ambulemus
504 1596 539 1658 in
568 1597 629 1660 viis
664 1597 742 1660 eius.
789 1596 921 1677 Alioqui
960 1597 1087 1659 nullum
1116 1616 1163 1659 ιο-

220 1686 297 1763 bur,
321 1685 467 1767 potentia
489 1686 578 1748 nulla
599 1686 684 1749 tueri
706 1706 765 1749 nos
793 1686 919 1766 poterit.
966 1684 1055 1748 81111
1078 1684 1163 1749 vide-

220 1794 295 1839 mus
318 1794 338 1838 1
366 1774 593 1839 minutissimis
619 1773 802 1838 vermiculis
818 1774 1023 1837 'densissima
1048 1775 1166 1837 robora

220 1865 319 1941 erodi,
344 1870 381 1927 ut
395 1869 582 1945 putrescant
604 1869 636 1927 et
651 1863 832 1926 concidant.
867 1864 956 1937 Quae
972 1869 1162 1943 sequuntur,

220 1953 397 2017 ostendunt
411 1953 484 2033 quis
495 1951 738 2033 hypocritarum
753 1952 789 2015 in
803 1952 953 2034 periculis
970 1952 1012 2015 sit
1023 1951 1162 2015 animus.
1282 1992 1284 2009 .

266 2113 381 2176 Vidit
418 2113 607 2196 Ephraim
641 2113 933 2178 infirmitatem
960 2131 1087 2190 suam,
1127 2119 1167 2176 et
1282 2143 1283 2188 1

265 2202 365 2264 Ι1(11
387 2203 530 2267 vulnus
553 2222 682 2279 suum,
715 2209 756 2266 et
779 2203 879 2266 abiit
901 2202 1088 2284 Ephraim
1115 2201 1166 2265 ad

265 2289 489 2372 Assyrium,
514 2289 680 2354 etmisit
702 2292 747 2354 ad
769 2311 898 2372 regem
918 2291 1043 2354 Iareb.
1090 2289 1165 2354 Sed
1281 2313 1283 2370 ς

266 2379 335 2441 1111
358 2379 903 2463 nonpotuitmederivobis,
928 2400 999 2444 nec
1023 2399 1164 2443 sanare
1280 2379 1282 2432 Ὗ

266 2468 410 2532 vulnus
433 2475 619 2534 vestrum.

222 2608 334 2718 Supra
363 2610 463 2687 dixit,
492 2611 644 2674 idolatras
674 2611 710 2673 in
733 2611 883 2692 periculis
913 2610 996 2673 nihil
1018 2613 1164 2675 minuere
1273 2589 1282 2701 1

164 2701 170 2709 ’
278 2698 318 2759 (11
355 2697 519 2774 idolatria,
568 2699 625 2760 sed
663 2719 737 2760 eam
777 2719 888 2780 urgere
929 2700 1163 2765 vehementius.
1279 2697 1281 2742 ἶ

222 2784 304 2872 Cum
335 2804 353 2848 e
380 2791 492 2848 contra
524 2805 600 2849 vera
627 2788 827 2868 poenitentia
854 2790 1009 2872 postulet,
1052 2796 1090 2853 ut
1117 2810 1165 2853 ac·

162 2902 165 2905 ·
221 2874 426 2954 quiescamus
448 2875 485 2938 in
498 2875 605 2952 verbo,
628 2878 790 2941 1111111111
812 2878 847 2940 in
870 2879 966 2942 verbo
984 2879 1166 2983 propositos
1278 2929 1280 2962 f

222 2983 260 3026 11
286 2963 457 3028 mandatos
481 2966 723 3047 amplectamur.
770 2967 983 3043 Eosautem,
1015 2968 1166 3072 quisine
1279 2999 1280 3004 ι

221 3052 319 3115 verbo
334 3054 475 3117 instituti
490 3061 575 3131 sunt,
597 3054 795 3132 abiiciamus,
820 3056 929 3146 itaque
943 3057 1006 3120 hoc
1020 3058 1167 3160 primum

222 3147 272 3204 est
305 3142 393 3220 quod
416 3143 569 3206 idolatrae
591 3149 734 3224 peccant.
712 3106 967 3208 tlleindet
935 3146 1033 3208 etiam
1060 3146 1096 3208 in
1123 3167 1167 3209 eo

221 3236 358 3310 peccant
392 3231 496 3294 11111
508 3232 562 3295 hic
595 3232 754 3313 propheta
783 3234 933 3297 ostendit.
980 3233 1168 3298 Sustentare
1277 3267 1279 3306 2

222 3318 433 3382 debebantse
457 3339 513 3400 111
528 3321 763 3384 m1serrcord1ae
786 3323 948 3385 eatuxilii
970 3323 1083 3400 divini,
1109 3324 1165 3387 scd
1245 3313 1279 3410 1

221 3406 331 3469 hanc
321 3427 357 3469 m
368 3413 417 3471 tot
403 3414 474 3471 tum
489 3410 612 3471 trullam
626 3409 793 3474 habentet
779 3411 1000 3491 tconfugiunt
1015 3412 1056 3474 ad
1073 3431 1138 3493 sper
1278 3415 1279 3426 ’

221 3495 426 3572 auxiliorum,
440 3498 722 3577 quamostcndunt
708 3505 838 3580 topese
840 3500 1135 3580 tpotentiamundi

222 3740 245 3793 h
312 3669 340 3736 1)
374 3671 516 3726 Idolatrae
541 3672 573 3724 in
604 3671 740 3739 periculis
768 3673 936 3741 confugiunt
959 3673 996 3727 ad
1019 3676 1140 3741 praesid

245 3755 358 3794 umana.
