2575 4225
3 3293 7 3394 l

458 294 585 358 Hoseae
607 295 792 376 prophetae.
1030 297 1092 360 149

152 470 271 547 cordia,
295 476 329 535 et
350 470 467 551 dicam,
491 492 559 536 non
580 471 701 554 populo
716 489 798 533 mec.
844 443 1093 553 Populus-meus

152 579 187 623 cs
209 567 256 638 tu,
281 560 407 642 etipse
429 561 524 640 dicet,
547 561 627 624 deus
649 579 742 626 meus
764 579 798 622 es
821 565 835 622 t
861 607 867 621 .

592 792 651 856 ΠΙ.

155 929 234 1044 Ἑτ
257 933 343 998 dixit
365 933 517 998 dominus
540 934 582 996 ad
604 953 667 1010 me,
691 933 772 998 vade
796 933 838 996 ad
860 936 941 1011 huc,
965 941 998 999 et
1019 956 1093 1000 ama

237 1024 416 1100 mulierem,
441 1024 624 1086 adamatam
649 1023 690 1086 ab
714 1023 800 1099 aliis,
836 1031 869 1086 et
902 1023 1091 1088 adulteram.

149 1111 203 1175 Sie
238 1113 326 1175 enim
349 1117 438 1175 amat
464 1112 615 1175 dominus
650 1111 732 1175 filios
755 1111 853 1174 Israel
887 1113 1093 1194 respicientes

150 1202 193 1264 ad
216 1201 294 1264 deos
317 1201 448 1278 alienos,
473 1208 505 1264 et
528 1208 673 1264 amantes
700 1202 831 1281 lagenas
858 1221 1004 1264 uvarum.
1051 1204 1094 1267 Et

151 1291 218 1353 emi
240 1310 313 1353 eam
335 1291 419 1353 mihi
442 1290 629 1371 quindecim
644 1291 812 1370 argenteis,
837 1295 869 1354 et
884 1307 957 1354 coro
969 1289 1091 1369 hordei,

150 1385 183 1442 et
205 1379 343 1442 dimidio
378 1399 462 1457 coro,
497 1385 530 1443 et
563 1379 633 1441 dixi
656 1379 698 1441 ad
721 1399 802 1442 eam:
839 1379 953 1462 diebus
980 1381 1092 1445 multis

147 1469 222 1534 volo
245 1475 283 1532 ut
298 1469 419 1546 sedeas,
444 1475 477 1532 et
490 1488 557 1532 non
572 1467 781 1532 fornicaberis
796 1475 902 1533 necte
918 1469 1093 1550 coniunges

149 1577 227 1622 cum
249 1559 328 1635 viro,
353 1578 413 1639 ego
436 1563 545 1621 autem
566 1578 620 1620 me
643 1565 750 1620 tecum
774 1558 979 1640 coniungam.

244 1639 425 1722 'Quoniam
459 1647 528 1710 dies
561 1647 681 1710 multos
716 1647 875 1712 sedebunt
908 1648 967 1710 filii
995 1648 1092 1711 Israel

148 1737 220 1800 sine
242 1757 333 1817 rege,
363 1743 396 1800 et
418 1737 488 1800 sine
510 1737 671 1819 principe,
701 1743 734 1800 et
763 1736 831 1799 sine
859 1737 1032 1814 sacrificio,
1061 1744 1094 1800 et

148 1827 220 1889 sine
251 1833 374 1903 statua,
409 1832 443 1890 et
470 1825 539 1889 sine
566 1826 700 1907 Ephod,
736 1833 769 1889 et
799 1825 869 1889 sine
896 1825 1092 1906 imaginibus

149 1915 336 1978 idolatricis.
383 1916 498 1979 Postea
512 1920 737 1978 convertentur
752 1915 811 1977 filii
825 1914 933 1992 Israel,
950 1919 983 1978 et
998 1933 1092 1995 quae-

150 2011 225 2068 rent
247 2004 419 2067 dominum
442 2003 541 2067 deum
563 2023 670 2081 suum,
695 2011 727 2067 et
741 2003 846 2067 David
861 2023 969 2084 regem
985 2022 1091 2079 suum,

149 2100 183 2158 et
204 2094 435 2159 reverebuntur
457 2092 628 2158 dominum
658 2098 691 2156 et
724 2093 902 2158 bonitatem
936 2092 1022 2170 eius,
1058 2093 1093 2155 in

149 2184 336 2249 novissimis
359 2176 503 2247 diebus.³

580 2380 657 2444 ΠΠ.

76 2524 81 2532 ’
197 2520 292 2585 vdite
314 2522 449 2586 verbum
463 2523 589 2587 domini
603 2522 663 2585 filii
677 2522 784 2599 Israel,
809 2521 887 2602 quia
900 2520 941 2583 lis
960 2519 1094 2582 domino

216 2616 329 2673 eontra
362 2612 559 2676 habitatores
592 2619 705 2676 terrae.
750 2611 823 2673 Non
857 2610 990 2686 veritae,
1026 2628 1093 2671 non

149 2700 379 2786 beneficentia,
409 2721 475 2763 non
504 2702 558 2764 dei
587 2700 727 2781 cognitio
754 2700 860 2763 estin
883 2705 975 2762 terra.
1009 2692 1092 2759 4Sed

148 2789 332 2865 maledicta,
353 2790 569 2867 mendacium,
593 2790 716 2867 caedes,
741 2791 874 2865 furtum,
899 2788 1094 2851 adulterium

150 2883 347 2959 grassantur,
372 2884 404 2942 et
427 2882 599 2960 sanguines
622 2879 788 2959 attingunt
803 2878 985 2957 sanguines.
1020 2877 1091 2938 Pro·

149 2972 261 3048 pterea
283 2967 407 3047 lugebit
435 2974 520 3031 terra
542 2974 575 3031 et
597 2968 808 3031 excindentur
835 2984 947 3029 omnes
969 2965 1091 3027 habita·

149 3062 235 3119 tores
258 3056 338 3132 eius,
362 3076 525 3120 unacum
548 3057 624 3119 feris
648 3062 681 3119 et
695 3054 876 3120 volucribus
900 3053 989 3129 coeli,
1014 3052 1093 3132 quin

149 3151 182 3207 et
204 3144 310 3226 pisces
333 3144 431 3208 maris
454 3146 613 3210 deficient.

241 3354 269 3422 1)
288 3354 356 3407 Alia
373 3354 526 3423 prophetia
544 3356 622 3423 quod
639 3355 731 3409 Israel
749 3354 826 3409 inter
843 3358 944 3421 gentes
963 3352 1002 3405 sit
1017 3366 1094 3403 man-

167 3440 236 3479 urus
254 3440 349 3493 usque
367 3426 405 3479 ad
422 3427 667 3493 praedicationem
685 3426 834 3492 evangelii.
864 3424 893 3493 2)
905 3423 963 3477 Hic
975 3421 1095 3490 exponit

163 3512 183 3566 e
219 3496 374 3564 captivitas
410 3498 527 3551 Israelis
563 3497 639 3552 inter
675 3502 783 3564 gentes.
829 3496 857 3564 3)
889 3492 984 3549 David
1012 3497 1095 3547 vocat

175 3567 318 3636 lhristum,
337 3583 374 3620 ex
393 3568 503 3622 semine
521 3569 615 3623 David
634 3569 793 3623 seeundum
806 3581 921 3620 carnem
937 3568 1047 3633 natum,
1066 3568 1095 3616 et

179 3639 280 3692 rendit
298 3654 366 3693 eum
384 3638 471 3693 deum
489 3656 565 3709 esse,
591 3641 659 3707 quia
678 3640 759 3707 dicit,
784 3636 980 3706 quaerendum
1001 3636 1037 3689 ab
1056 3636 1095 3687 ls-

175 3710 236 3778 sele,
254 3710 311 3765 hoc
323 3713 369 3763 est
381 3710 534 3764 colendum
546 3710 610 3765 fide.
648 3710 676 3776 4)
694 3710 813 3764 Peccata
831 3706 931 3777 populi
949 3707 1047 3775 Israel,
1067 3708 1095 3757 et

177 3786 270 3834 rcuae.
