<?xml version="1.0" encoding="UTF-8"?>
<!DOCTYPE html PUBLIC "-//W3C//DTD XHTML 1.0 Transitional//EN"
    "http://www.w3.org/TR/xhtml1/DTD/xhtml1-transitional.dtd">
<html xmlns="http://www.w3.org/1999/xhtml" xml:lang="en" lang="en">
 <head>
  <title>
</title>
<meta http-equiv="Content-Type" content="text/html;charset=utf-8" />
  <meta name='ocr-system' content='tesseract 3.04.00' />
  <meta name='ocr-capabilities' content='ocr_page ocr_carea ocr_par ocr_line ocrx_word'/>
</head>
<body>
  <div class='ocr_page' id='page_1' title='image "./exegeticaoperal13luthgoog_0253.png"; bbox 0 0 2575 4225; ppageno 0'>
   <div class='ocr_carea' id='block_1_1' title="bbox 384 261 1631 344">
    <p class='ocr_par' dir='ltr' id='par_1_1' title="bbox 384 261 1631 344">
     <span class='ocr_line' id='line_1_1' title="bbox 384 261 1631 344; baseline -0.001 -17"><span class='ocrx_word' id='word_1_1' title='bbox 384 267 508 327; x_wconf 67' lang='lat'>:³:423</span> <span class='ocrx_word' id='word_1_2' title='bbox 1016 262 1225 344; x_wconf 87' lang='lat' dir='ltr'>Caput</span> <span class='ocrx_word' id='word_1_3' title='bbox 1271 261 1631 326; x_wconf 84' lang='lat' dir='ltr'>secundum</span> 
     </span>
    </p>
   </div>
   <div class='ocr_carea' id='block_1_2' title="bbox 379 437 2266 626">
    <p class='ocr_par' dir='ltr' id='par_1_2' title="bbox 379 437 2266 626">
     <span class='ocr_line' id='line_1_2' title="bbox 379 437 2266 523; baseline 0.001 -20"><span class='ocrx_word' id='word_1_4' title='bbox 379 443 670 503; x_wconf 57' lang='lat' dir='ltr'>fiendam</span> <span class='ocrx_word' id='word_1_5' title='bbox 715 447 929 523; x_wconf 79' lang='lat' dir='ltr'>Spem,</span> <span class='ocrx_word' id='word_1_6' title='bbox 956 464 963 470; x_wconf 83' lang='lat'><strong>·</strong></span> <span class='ocrx_word' id='word_1_7' title='bbox 993 440 1168 522; x_wconf 69' lang='lat' dir='ltr'>qudd</span> <span class='ocrx_word' id='word_1_8' title='bbox 1229 437 1381 521; x_wconf 74' lang='lat' dir='ltr'>qui*</span> <span class='ocrx_word' id='word_1_9' title='bbox 1438 440 1633 520; x_wconf 77' lang='lat' dir='ltr'>(Sicut</span> <span class='ocrx_word' id='word_1_10' title='bbox 1691 440 1764 502; x_wconf 84' lang='lat' dir='ltr'>in</span> <span class='ocrx_word' id='word_1_11' title='bbox 1823 442 2074 522; x_wconf 78' lang='lat' dir='ltr'>psalmo</span> <span class='ocrx_word' id='word_1_12' title='bbox 2137 441 2266 521; x_wconf 75' lang='lat' dir='ltr'>est)</span> 
     </span>
     <span class='ocr_line' id='line_1_3' title="bbox 384 529 2100 626; baseline -0.001 -31"><span class='ocrx_word' id='word_1_13' title='bbox 384 535 444 595; x_wconf 75' lang='lat' dir='ltr'>in</span> <span class='ocrx_word' id='word_1_14' title='bbox 492 531 837 611; x_wconf 63' lang='lat' dir='ltr'>lachrymis</span> <span class='ocrx_word' id='word_1_15' title='bbox 884 531 1226 606; x_wconf 86' lang='lat' dir='ltr'>seminant,</span> <span class='ocrx_word' id='word_1_16' title='bbox 1274 530 1348 593; x_wconf 90' lang='lat' dir='ltr'>in</span> <span class='ocrx_word' id='word_1_17' title='bbox 1393 529 1788 592; x_wconf 86' lang='lat' dir='ltr'>exultatione</span> <span class='ocrx_word' id='word_1_18' title='bbox 1834 535 2100 626; x_wconf 83' lang='lat' dir='ltr'>metent.</span> 
     </span>
    </p>
   </div>
   <div class='ocr_carea' id='block_1_3' title="bbox 376 670 2272 3414">
    <p class='ocr_par' dir='ltr' id='par_1_3' title="bbox 413 670 2264 753">
     <span class='ocr_line' id='line_1_4' title="bbox 413 670 2264 753; baseline 0.003 -23"><span class='ocrx_word' id='word_1_19' title='bbox 413 695 414 698; x_wconf 40' lang='lat'>¹</span> <span class='ocrx_word' id='word_1_20' title='bbox 468 675 588 735; x_wconf 57' lang='lat' dir='ltr'>eriis</span> <span class='ocrx_word' id='word_1_21' title='bbox 632 678 850 735; x_wconf 89' lang='lat' dir='ltr'>autem</span> <span class='ocrx_word' id='word_1_22' title='bbox 896 678 1010 748; x_wconf 88' lang='lat' dir='ltr'>est,</span> <span class='ocrx_word' id='word_1_23' title='bbox 1058 672 1219 734; x_wconf 85' lang='lat' dir='ltr'>haee</span> <span class='ocrx_word' id='word_1_24' title='bbox 1248 691 1439 753; x_wconf 88' lang='lat' dir='ltr'>saepe</span> <span class='ocrx_word' id='word_1_25' title='bbox 1470 670 1772 733; x_wconf 88' lang='lat' dir='ltr'>meditari</span> <span class='ocrx_word' id='word_1_26' title='bbox 1802 672 2038 735; x_wconf 86' lang='lat' dir='ltr'>animo.</span> <span class='ocrx_word' id='word_1_27' title='bbox 2111 671 2264 736; x_wconf 84' lang='lat' dir='ltr'>Sen-</span> 
     </span>
    </p>

    <p class='ocr_par' dir='ltr' id='par_1_4' title="bbox 380 756 2271 1375">
     <span class='ocr_line' id='line_1_5' title="bbox 512 756 2252 841; baseline 0.001 -18"><span class='ocrx_word' id='word_1_28' title='bbox 512 763 708 825; x_wconf 71' lang='lat' dir='ltr'>timus</span> <span class='ocrx_word' id='word_1_29' title='bbox 754 761 931 826; x_wconf 90' lang='lat' dir='ltr'>enim</span> <span class='ocrx_word' id='word_1_30' title='bbox 978 765 1298 841; x_wconf 89' lang='lat' dir='ltr'>quantum</span> <span class='ocrx_word' id='word_1_31' title='bbox 1341 759 1505 823; x_wconf 89' lang='lat' dir='ltr'>ratio</span> <span class='ocrx_word' id='word_1_32' title='bbox 1550 780 1590 822; x_wconf 89' lang='lat' dir='ltr'>a</span> <span class='ocrx_word' id='word_1_33' title='bbox 1634 779 1818 822; x_wconf 83' lang='lat' dir='ltr'>eruce</span> <span class='ocrx_word' id='word_1_34' title='bbox 1855 760 2212 824; x_wconf 85' lang='lat' dir='ltr'>abhorreat.</span> <span class='ocrx_word' id='word_1_35' title='bbox 2227 756 2252 793; x_wconf 80' lang='lat'><em>¹</em></span> 
     </span>
     <span class='ocr_line' id='line_1_6' title="bbox 384 848 2266 929; baseline 0.001 -18"><span class='ocrx_word' id='word_1_36' title='bbox 384 851 484 911; x_wconf 77' lang='lat' dir='ltr'>Fit.</span> <span class='ocrx_word' id='word_1_37' title='bbox 532 859 746 913; x_wconf 69' lang='lat' dir='ltr'>autem</span> <span class='ocrx_word' id='word_1_38' title='bbox 790 850 859 911; x_wconf 91' lang='lat' dir='ltr'>id</span> <span class='ocrx_word' id='word_1_39' title='bbox 907 869 1052 911; x_wconf 89' lang='lat' dir='ltr'>eam</span> <span class='ocrx_word' id='word_1_40' title='bbox 1098 849 1181 912; x_wconf 91' lang='lat' dir='ltr'>ob</span> <span class='ocrx_word' id='word_1_41' title='bbox 1228 868 1510 926; x_wconf 85' lang='lat' dir='ltr'>oausam,</span> <span class='ocrx_word' id='word_1_42' title='bbox 1559 848 1714 929; x_wconf 90' lang='lat' dir='ltr'>quia</span> <span class='ocrx_word' id='word_1_43' title='bbox 1758 849 2072 912; x_wconf 87' lang='lat' dir='ltr'>sentimus</span> <span class='ocrx_word' id='word_1_44' title='bbox 2108 870 2266 913; x_wconf 87' lang='lat' dir='ltr'>eum</span> 
     </span>
     <span class='ocr_line' id='line_1_7' title="bbox 380 937 2267 1018; baseline 0.002 -19"><span class='ocrx_word' id='word_1_45' title='bbox 380 963 560 999; x_wconf 56' lang='lat' dir='ltr'>efflue</span> <span class='ocrx_word' id='word_1_46' title='bbox 608 939 1019 1007; x_wconf 73' lang='lat' dir='ltr'>ooniunetam</span> <span class='ocrx_word' id='word_1_47' title='bbox 1076 938 1241 1001; x_wconf 88' lang='lat' dir='ltr'>iram</span> <span class='ocrx_word' id='word_1_48' title='bbox 1301 937 1434 1013; x_wconf 89' lang='lat' dir='ltr'>dei,</span> <span class='ocrx_word' id='word_1_49' title='bbox 1497 943 1563 1000; x_wconf 92' lang='lat' dir='ltr'>et</span> <span class='ocrx_word' id='word_1_50' title='bbox 1613 937 2044 1018; x_wconf 75' lang='lat' dir='ltr'>perditionem</span> <span class='ocrx_word' id='word_1_51' title='bbox 2057 988 2073 1015; x_wconf 92' lang='lat'>,</span> <span class='ocrx_word' id='word_1_52' title='bbox 2126 940 2267 1002; x_wconf 83' lang='lat' dir='ltr'>hoe</span> 
     </span>
     <span class='ocr_line' id='line_1_8' title="bbox 380 1026 2266 1107; baseline 0 -17"><span class='ocrx_word' id='word_1_53' title='bbox 380 1039 504 1103; x_wconf 51' lang='lat' dir='ltr'>ast„</span> <span class='ocrx_word' id='word_1_54' title='bbox 567 1028 926 1091; x_wconf 83' lang='lat' dir='ltr'>iudicamus</span> <span class='ocrx_word' id='word_1_55' title='bbox 962 1029 1225 1091; x_wconf 74' lang='lat' dir='ltr'>‘erucem</span> <span class='ocrx_word' id='word_1_56' title='bbox 1282 1046 1419 1089; x_wconf 90' lang='lat' dir='ltr'>esse</span> <span class='ocrx_word' id='word_1_57' title='bbox 1479 1026 1617 1088; x_wconf 87' lang='lat' dir='ltr'>sine</span> <span class='ocrx_word' id='word_1_58' title='bbox 1678 1046 1819 1107; x_wconf 88' lang='lat' dir='ltr'>spe,</span> <span class='ocrx_word' id='word_1_59' title='bbox 1880 1032 1946 1089; x_wconf 92' lang='lat' dir='ltr'>et</span> <span class='ocrx_word' id='word_1_60' title='bbox 2000 1031 2266 1090; x_wconf 87' lang='lat' dir='ltr'>tantum</span> 
     </span>
     <span class='ocr_line' id='line_1_9' title="bbox 384 1114 2267 1181; baseline 0.001 -4"><span class='ocrx_word' id='word_1_61' title='bbox 384 1119 608 1179; x_wconf 54' lang='lat' dir='ltr'>vallem</span> <span class='ocrx_word' id='word_1_62' title='bbox 675 1118 907 1181; x_wconf 83' lang='lat' dir='ltr'>Achor.</span> <span class='ocrx_word' id='word_1_63' title='bbox 1011 1114 1136 1178; x_wconf 85' lang='lat' dir='ltr'>Sed</span> <span class='ocrx_word' id='word_1_64' title='bbox 1201 1116 1328 1177; x_wconf 83' lang='lat' dir='ltr'>hoe</span> <span class='ocrx_word' id='word_1_65' title='bbox 1393 1115 1660 1177; x_wconf 87' lang='lat' dir='ltr'>rationis</span> <span class='ocrx_word' id='word_1_66' title='bbox 1735 1114 2051 1179; x_wconf 78' lang='lat' dir='ltr'>iudicium</span> <span class='ocrx_word' id='word_1_67' title='bbox 2125 1137 2267 1179; x_wconf 89' lang='lat' dir='ltr'>non</span> 
     </span>
     <span class='ocr_line' id='line_1_10' title="bbox 380 1203 2271 1288; baseline 0.001 -21"><span class='ocrx_word' id='word_1_68' title='bbox 380 1206 677 1267; x_wconf 48' lang='lat' dir='ltr'>sensu-‘enit</span> <span class='ocrx_word' id='word_1_69' title='bbox 735 1225 885 1269; x_wconf 84' lang='lat' dir='ltr'>oum</span> <span class='ocrx_word' id='word_1_70' title='bbox 946 1205 1290 1288; x_wconf 87' lang='lat' dir='ltr'>propheta,</span> <span class='ocrx_word' id='word_1_71' title='bbox 1363 1224 1562 1284; x_wconf 90' lang='lat' dir='ltr'>quam</span> <span class='ocrx_word' id='word_1_72' title='bbox 1617 1203 1938 1285; x_wconf 87' lang='lat' dir='ltr'>promittit</span> <span class='ocrx_word' id='word_1_73' title='bbox 1993 1204 2065 1267; x_wconf 91' lang='lat' dir='ltr'>in</span> <span class='ocrx_word' id='word_1_74' title='bbox 2133 1205 2271 1269; x_wconf 83' lang='lat' dir='ltr'>ista</span> 
     </span>
     <span class='ocr_line' id='line_1_11' title="bbox 384 1293 1509 1375; baseline -0.001 -20"><span class='ocrx_word' id='word_1_75' title='bbox 384 1299 540 1355; x_wconf 62' lang='lat' dir='ltr'>1:ch</span> <span class='ocrx_word' id='word_1_76' title='bbox 588 1295 800 1357; x_wconf 71' lang='lat' dir='ltr'>Achor</span> <span class='ocrx_word' id='word_1_77' title='bbox 844 1293 1259 1375; x_wconf 85' lang='lat' dir='ltr'>aperiendam</span> <span class='ocrx_word' id='word_1_78' title='bbox 1306 1312 1509 1373; x_wconf 86' lang='lat' dir='ltr'>spem.</span> 
     </span>
    </p>

    <p class='ocr_par' dir='ltr' id='par_1_5' title="bbox 380 1380 2272 2798">
     <span class='ocr_line' id='line_1_12' title="bbox 560 1380 2266 1462; baseline 0.001 -19"><span class='ocrx_word' id='word_1_79' title='bbox 560 1383 893 1445; x_wconf 82' lang='lat' dir='ltr'>Disoamus</span> <span class='ocrx_word' id='word_1_80' title='bbox 938 1382 1136 1462; x_wconf 87' lang='lat' dir='ltr'>igitur</span> <span class='ocrx_word' id='word_1_81' title='bbox 1180 1402 1417 1461; x_wconf 87' lang='lat' dir='ltr'>magno</span> <span class='ocrx_word' id='word_1_82' title='bbox 1463 1382 1682 1444; x_wconf 89' lang='lat' dir='ltr'>animo</span> <span class='ocrx_word' id='word_1_83' title='bbox 1729 1400 1866 1445; x_wconf 87' lang='lat' dir='ltr'>esse</span> <span class='ocrx_word' id='word_1_84' title='bbox 1910 1380 1981 1443; x_wconf 88' lang='lat' dir='ltr'>in</span> <span class='ocrx_word' id='word_1_85' title='bbox 2016 1382 2266 1462; x_wconf 85' lang='lat' dir='ltr'>perieu-</span> 
     </span>
     <span class='ocr_line' id='line_1_13' title="bbox 380 1470 2264 1550; baseline 0.001 -19"><span class='ocrx_word' id='word_1_86' title='bbox 380 1475 476 1539; x_wconf 64' lang='lat' dir='ltr'>lis-z,</span> <span class='ocrx_word' id='word_1_87' title='bbox 528 1479 592 1535; x_wconf 59' lang='lat' dir='ltr'>ut</span> <span class='ocrx_word' id='word_1_88' title='bbox 635 1491 784 1533; x_wconf 85' lang='lat' dir='ltr'>eum</span> <span class='ocrx_word' id='word_1_89' title='bbox 829 1470 1005 1534; x_wconf 88' lang='lat' dir='ltr'>fideli</span> <span class='ocrx_word' id='word_1_90' title='bbox 1034 1472 1366 1536; x_wconf 90' lang='lat' dir='ltr'>Abraham</span> <span class='ocrx_word' id='word_1_91' title='bbox 1412 1470 1748 1533; x_wconf 76' lang='lat' dir='ltr'>credamus</span> <span class='ocrx_word' id='word_1_92' title='bbox 1793 1470 1866 1532; x_wconf 90' lang='lat' dir='ltr'>in</span> <span class='ocrx_word' id='word_1_93' title='bbox 1899 1489 2084 1550; x_wconf 90' lang='lat' dir='ltr'>spem</span> <span class='ocrx_word' id='word_1_94' title='bbox 2115 1491 2264 1533; x_wconf 86' lang='lat' dir='ltr'>eon-</span> 
     </span>
     <span class='ocr_line' id='line_1_14' title="bbox 384 1553 2272 1639; baseline 0.002 -20"><span class='ocrx_word' id='word_1_95' title='bbox 384 1571 476 1619; x_wconf 65' lang='lat' dir='ltr'>tra</span> <span class='ocrx_word' id='word_1_96' title='bbox 524 1553 764 1639; x_wconf 60' lang='lat' dir='ltr'>spem.²³</span> <span class='ocrx_word' id='word_1_97' title='bbox 862 1559 1102 1621; x_wconf 77' lang='lat' dir='ltr'>Fidelis</span> <span class='ocrx_word' id='word_1_98' title='bbox 1149 1560 1325 1621; x_wconf 87' lang='lat' dir='ltr'>enim</span> <span class='ocrx_word' id='word_1_99' title='bbox 1371 1558 1530 1621; x_wconf 88' lang='lat' dir='ltr'>deus</span> <span class='ocrx_word' id='word_1_100' title='bbox 1577 1565 1702 1635; x_wconf 85' lang='lat' dir='ltr'>est,</span> <span class='ocrx_word' id='word_1_101' title='bbox 1752 1559 1867 1639; x_wconf 90' lang='lat' dir='ltr'>qui</span> <span class='ocrx_word' id='word_1_102' title='bbox 1911 1580 2047 1622; x_wconf 90' lang='lat' dir='ltr'>non</span> <span class='ocrx_word' id='word_1_103' title='bbox 2092 1560 2272 1623; x_wconf 88' lang='lat' dir='ltr'>sinet</span> 
     </span>
     <span class='ocr_line' id='line_1_15' title="bbox 384 1646 2270 1730; baseline 0.001 -21"><span class='ocrx_word' id='word_1_104' title='bbox 384 1671 496 1711; x_wconf 53' lang='lat' dir='ltr'>nais</span> <span class='ocrx_word' id='word_1_105' title='bbox 556 1648 786 1711; x_wconf 70' lang='lat' dir='ltr'>tentari</span> <span class='ocrx_word' id='word_1_106' title='bbox 842 1668 1036 1730; x_wconf 86' lang='lat' dir='ltr'>supra</span> <span class='ocrx_word' id='word_1_107' title='bbox 1090 1647 1160 1711; x_wconf 90' lang='lat' dir='ltr'>id</span> <span class='ocrx_word' id='word_1_108' title='bbox 1205 1646 1381 1729; x_wconf 87' lang='lat' dir='ltr'>quod</span> <span class='ocrx_word' id='word_1_109' title='bbox 1436 1667 1831 1729; x_wconf 74' lang='lat' dir='ltr'>possumuS,.</span> <span class='ocrx_word' id='word_1_110' title='bbox 1882 1646 1995 1710; x_wconf 86' lang='lat' dir='ltr'>sed</span> <span class='ocrx_word' id='word_1_111' title='bbox 2063 1648 2270 1711; x_wconf 88' lang='lat' dir='ltr'>simul</span> 
     </span>
     <span class='ocr_line' id='line_1_16' title="bbox 380 1732 2266 1819; baseline 0.001 -20"><span class='ocrx_word' id='word_1_112' title='bbox 380 1739 572 1799; x_wconf 63' lang='lat' dir='ltr'>faciut</span> <span class='ocrx_word' id='word_1_113' title='bbox 652 1758 801 1800; x_wconf 86' lang='lat' dir='ltr'>oum</span> <span class='ocrx_word' id='word_1_114' title='bbox 878 1737 1233 1800; x_wconf 76' lang='lat' dir='ltr'>tentatione</span> <span class='ocrx_word' id='word_1_115' title='bbox 1321 1732 1578 1819; x_wconf 79' lang='grc' dir='ltr'><strong><em>ἔκβασιν</em></strong></span> <span class='ocrx_word' id='word_1_116' title='bbox 1666 1756 1780 1806; x_wconf 83' lang='lat' dir='ltr'>seu</span> <span class='ocrx_word' id='word_1_117' title='bbox 1871 1736 2266 1800; x_wconf 79' lang='lat' dir='ltr'>evasionem.</span> 
     </span>
     <span class='ocr_line' id='line_1_17' title="bbox 380 1824 2265 1911; baseline 0.001 -24"><span class='ocrx_word' id='word_1_118' title='bbox 380 1831 556 1891; x_wconf 51' lang='lat' dir='ltr'>simut</span> <span class='ocrx_word' id='word_1_119' title='bbox 600 1832 919 1891; x_wconf 82' lang='lat' dir='ltr'>testantur</span> <span class='ocrx_word' id='word_1_120' title='bbox 964 1826 1263 1911; x_wconf 79' lang='lat' dir='ltr'>exempla</span> <span class='ocrx_word' id='word_1_121' title='bbox 1308 1831 1373 1887; x_wconf 85' lang='lat' dir='ltr'>et</span> <span class='ocrx_word' id='word_1_122' title='bbox 1417 1824 1797 1905; x_wconf 85' lang='lat' dir='ltr'>quotidiana</span> <span class='ocrx_word' id='word_1_123' title='bbox 1841 1824 2265 1906; x_wconf 80' lang='lat' dir='ltr'>experientia.</span> 
     </span>
     <span class='ocr_line' id='line_1_18' title="bbox 380 1914 2267 1995; baseline 0.001 -20"><span class='ocrx_word' id='word_1_124' title='bbox 380 1919 544 1979; x_wconf 61' lang='lat' dir='ltr'>Nmn</span> <span class='ocrx_word' id='word_1_125' title='bbox 604 1914 659 1979; x_wconf 75' lang='lat' dir='ltr'>si</span> <span class='ocrx_word' id='word_1_126' title='bbox 718 1916 913 1979; x_wconf 88' lang='lat' dir='ltr'>etiam</span> <span class='ocrx_word' id='word_1_127' title='bbox 972 1915 1179 1979; x_wconf 82' lang='lat' dir='ltr'>saneti</span> <span class='ocrx_word' id='word_1_128' title='bbox 1233 1920 1546 1993; x_wconf 79' lang='lat' dir='ltr'>martyres</span> <span class='ocrx_word' id='word_1_129' title='bbox 1564 1964 1578 1990; x_wconf 90' lang='lat'>‚</span> <span class='ocrx_word' id='word_1_130' title='bbox 1651 1914 1766 1995; x_wconf 84' lang='lat' dir='ltr'>qui</span> <span class='ocrx_word' id='word_1_131' title='bbox 1821 1914 2024 1978; x_wconf 88' lang='lat' dir='ltr'>vitam</span> <span class='ocrx_word' id='word_1_132' title='bbox 2071 1934 2267 1987; x_wconf 85' lang='lat' dir='ltr'>suam</span> 
     </span>
     <span class='ocr_line' id='line_1_19' title="bbox 384 2003 2266 2087; baseline -0.001 -20"><span class='ocrx_word' id='word_1_133' title='bbox 384 2015 637 2087; x_wconf 22' lang='lat' dir='ltr'>prm-pter</span> <span class='ocrx_word' id='word_1_134' title='bbox 660 2004 989 2068; x_wconf 84' lang='lat' dir='ltr'>Christum</span> <span class='ocrx_word' id='word_1_135' title='bbox 1019 2003 1462 2085; x_wconf 88' lang='lat' dir='ltr'>profuderunt,</span> <span class='ocrx_word' id='word_1_136' title='bbox 1496 2007 1717 2065; x_wconf 86' lang='lat' dir='ltr'>tamen</span> <span class='ocrx_word' id='word_1_137' title='bbox 1748 2022 1932 2083; x_wconf 85' lang='lat' dir='ltr'>spem</span> <span class='ocrx_word' id='word_1_138' title='bbox 1962 2008 2266 2065; x_wconf 87' lang='lat' dir='ltr'>aeternae</span> 
     </span>
     <span class='ocr_line' id='line_1_20' title="bbox 382 2091 2265 2173; baseline -0.001 -17"><span class='ocrx_word' id='word_1_139' title='bbox 382 2097 544 2156; x_wconf 56' lang='lat' dir='ltr'>vitam</span> <span class='ocrx_word' id='word_1_140' title='bbox 595 2094 1021 2170; x_wconf 80' lang='lat' dir='ltr'>retinuerunt,</span> <span class='ocrx_word' id='word_1_141' title='bbox 1079 2113 1241 2155; x_wconf 91' lang='lat' dir='ltr'>num</span> <span class='ocrx_word' id='word_1_142' title='bbox 1283 2092 1661 2173; x_wconf 88' lang='lat' dir='ltr'>putabimus</span> <span class='ocrx_word' id='word_1_143' title='bbox 1715 2091 1903 2155; x_wconf 90' lang='lat' dir='ltr'>nobis</span> <span class='ocrx_word' id='word_1_144' title='bbox 1957 2091 2265 2155; x_wconf 85' lang='lat' dir='ltr'>abiicien-</span> 
     </span>
     <span class='ocr_line' id='line_1_21' title="bbox 380 2179 2265 2262; baseline 0 -18"><span class='ocrx_word' id='word_1_145' title='bbox 380 2184 528 2244; x_wconf 67' lang='lat' dir='ltr'>dam</span> <span class='ocrx_word' id='word_1_146' title='bbox 580 2201 760 2262; x_wconf 76' lang='lat' dir='ltr'>spem</span> <span class='ocrx_word' id='word_1_147' title='bbox 776 2231 789 2258; x_wconf 89' lang='lat'>‚</span> <span class='ocrx_word' id='word_1_148' title='bbox 852 2183 966 2262; x_wconf 88' lang='lat' dir='ltr'>qui</span> <span class='ocrx_word' id='word_1_149' title='bbox 1010 2180 1306 2244; x_wconf 90' lang='lat' dir='ltr'>nondum</span> <span class='ocrx_word' id='word_1_150' title='bbox 1349 2201 1555 2260; x_wconf 87' lang='lat' dir='ltr'>usque</span> <span class='ocrx_word' id='word_1_151' title='bbox 1602 2179 1685 2242; x_wconf 90' lang='lat' dir='ltr'>ad</span> <span class='ocrx_word' id='word_1_152' title='bbox 1731 2180 2116 2261; x_wconf 83' lang='lat' dir='ltr'>sanguinem</span> <span class='ocrx_word' id='word_1_153' title='bbox 2169 2202 2265 2244; x_wconf 89' lang='lat' dir='ltr'>re-</span> 
     </span>
     <span class='ocr_line' id='line_1_22' title="bbox 380 2269 2267 2349; baseline 0.001 -17"><span class='ocrx_word' id='word_1_154' title='bbox 380 2272 679 2332; x_wconf 51' lang='lat' dir='ltr'>sistimus.</span> <span class='ocrx_word' id='word_1_155' title='bbox 773 2269 953 2333; x_wconf 81' lang='lat' dir='ltr'>Sicut</span> <span class='ocrx_word' id='word_1_156' title='bbox 996 2271 1191 2349; x_wconf 84' lang='lat' dir='ltr'>igitur</span> <span class='ocrx_word' id='word_1_157' title='bbox 1227 2270 1495 2333; x_wconf 83' lang='lat' dir='ltr'>eeclesia</span> <span class='ocrx_word' id='word_1_158' title='bbox 1524 2270 1825 2332; x_wconf 86' lang='lat' dir='ltr'>omnibus</span> <span class='ocrx_word' id='word_1_159' title='bbox 1855 2269 2267 2349; x_wconf 87' lang='lat' dir='ltr'>temporibus</span> 
     </span>
     <span class='ocr_line' id='line_1_23' title="bbox 382 2358 2264 2440; baseline 0.001 -20"><span class='ocrx_word' id='word_1_160' title='bbox 382 2380 492 2440; x_wconf 62' lang='lat' dir='ltr'>por</span> <span class='ocrx_word' id='word_1_161' title='bbox 536 2364 704 2421; x_wconf 72' lang='lat' dir='ltr'>hane</span> <span class='ocrx_word' id='word_1_162' title='bbox 748 2359 983 2423; x_wconf 75' lang='lat' dir='ltr'>vallem</span> <span class='ocrx_word' id='word_1_163' title='bbox 1026 2358 1239 2420; x_wconf 79' lang='lat' dir='ltr'>Aehor</span> <span class='ocrx_word' id='word_1_164' title='bbox 1284 2359 1641 2422; x_wconf 83' lang='lat' dir='ltr'>ambulavit</span> <span class='ocrx_word' id='word_1_165' title='bbox 1659 2409 1673 2435; x_wconf 86' lang='lat'>‚</span> <span class='ocrx_word' id='word_1_166' title='bbox 1737 2364 1802 2421; x_wconf 90' lang='lat' dir='ltr'>et</span> <span class='ocrx_word' id='word_1_167' title='bbox 1845 2358 2036 2422; x_wconf 89' lang='lat' dir='ltr'>variis</span> <span class='ocrx_word' id='word_1_168' title='bbox 2095 2359 2264 2439; x_wconf 90' lang='lat' dir='ltr'>peri-</span> 
     </span>
     <span class='ocr_line' id='line_1_24' title="bbox 380 2445 2263 2514; baseline 0.001 -6"><span class='ocrx_word' id='word_1_169' title='bbox 380 2448 536 2508; x_wconf 53' lang='lat' dir='ltr'>aulis</span> <span class='ocrx_word' id='word_1_170' title='bbox 584 2455 648 2512; x_wconf 70' lang='lat' dir='ltr'>et</span> <span class='ocrx_word' id='word_1_171' title='bbox 692 2447 881 2514; x_wconf 86' lang='lat' dir='ltr'>malis</span> <span class='ocrx_word' id='word_1_172' title='bbox 926 2448 1163 2510; x_wconf 77' lang='lat' dir='ltr'>iactata</span> <span class='ocrx_word' id='word_1_173' title='bbox 1207 2452 1322 2511; x_wconf 85' lang='lat' dir='ltr'>est.</span> <span class='ocrx_word' id='word_1_174' title='bbox 1414 2449 1517 2509; x_wconf 90' lang='lat' dir='ltr'>Ita</span> <span class='ocrx_word' id='word_1_175' title='bbox 1563 2447 1757 2510; x_wconf 91' lang='lat' dir='ltr'>etiam</span> <span class='ocrx_word' id='word_1_176' title='bbox 1797 2445 2092 2510; x_wconf 86' lang='lat' dir='ltr'>videmus</span> <span class='ocrx_word' id='word_1_177' title='bbox 2125 2468 2263 2509; x_wconf 92' lang='lat' dir='ltr'>om-</span> 
     </span>
     <span class='ocr_line' id='line_1_25' title="bbox 384 2536 2263 2618; baseline 0.001 -22"><span class='ocrx_word' id='word_1_178' title='bbox 384 2540 568 2600; x_wconf 60' lang='lat' dir='ltr'>nihus</span> <span class='ocrx_word' id='word_1_179' title='bbox 616 2537 741 2618; x_wconf 88' lang='lat' dir='ltr'>piis</span> <span class='ocrx_word' id='word_1_180' title='bbox 786 2537 858 2598; x_wconf 93' lang='lat' dir='ltr'>in</span> <span class='ocrx_word' id='word_1_181' title='bbox 900 2537 1026 2600; x_wconf 88' lang='lat' dir='ltr'>ista</span> <span class='ocrx_word' id='word_1_182' title='bbox 1070 2536 1214 2617; x_wconf 87' lang='lat' dir='ltr'>ipsa</span> <span class='ocrx_word' id='word_1_183' title='bbox 1257 2536 1421 2601; x_wconf 89' lang='lat' dir='ltr'>valle</span> <span class='ocrx_word' id='word_1_184' title='bbox 1454 2537 1669 2599; x_wconf 86' lang='lat' dir='ltr'>Aehor</span> <span class='ocrx_word' id='word_1_185' title='bbox 1715 2540 2002 2617; x_wconf 89' lang='lat' dir='ltr'>apertam</span> <span class='ocrx_word' id='word_1_186' title='bbox 2049 2554 2263 2616; x_wconf 89' lang='lat' dir='ltr'>spem,</span> 
     </span>
     <span class='ocr_line' id='line_1_26' title="bbox 380 2623 2265 2706; baseline 0.001 -22"><span class='ocrx_word' id='word_1_187' title='bbox 380 2642 444 2688; x_wconf 67' lang='lat' dir='ltr'>ui</span> <span class='ocrx_word' id='word_1_188' title='bbox 496 2636 556 2684; x_wconf 54' lang='lat' dir='ltr'>et</span> <span class='ocrx_word' id='word_1_189' title='bbox 604 2630 1009 2688; x_wconf 68' lang='lat' dir='ltr'>contemnere</span> <span class='ocrx_word' id='word_1_190' title='bbox 1068 2625 1352 2706; x_wconf 83' lang='lat' dir='ltr'>pericula</span> <span class='ocrx_word' id='word_1_191' title='bbox 1403 2625 1686 2706; x_wconf 88' lang='lat' dir='ltr'>possint,</span> <span class='ocrx_word' id='word_1_192' title='bbox 1751 2630 1815 2688; x_wconf 93' lang='lat' dir='ltr'>et</span> <span class='ocrx_word' id='word_1_193' title='bbox 1859 2623 2084 2688; x_wconf 90' lang='lat' dir='ltr'>tndem</span> <span class='ocrx_word' id='word_1_194' title='bbox 2146 2624 2265 2686; x_wconf 88' lang='lat' dir='ltr'>lia·</span> 
     </span>
     <span class='ocr_line' id='line_1_27' title="bbox 380 2716 1770 2798; baseline 0.007 -31"><span class='ocrx_word' id='word_1_195' title='bbox 380 2716 695 2776; x_wconf 56' lang='lat' dir='ltr'>{rm-entur.</span> <span class='ocrx_word' id='word_1_196' title='bbox 1758 2792 1770 2798; x_wconf 68' lang='lat'>,</span> 
     </span>
    </p>

    <p class='ocr_par' dir='ltr' id='par_1_6' title="bbox 376 2800 2270 3414">
     <span class='ocr_line' id='line_1_28' title="bbox 560 2800 2266 2883; baseline 0.002 -23"><span class='ocrx_word' id='word_1_197' title='bbox 560 2801 767 2864; x_wconf 78' lang='lat' dir='ltr'>MoHis</span> <span class='ocrx_word' id='word_1_198' title='bbox 814 2806 1032 2864; x_wconf 87' lang='lat' dir='ltr'>autem</span> <span class='ocrx_word' id='word_1_199' title='bbox 1078 2806 1144 2864; x_wconf 90' lang='lat' dir='ltr'>et</span> <span class='ocrx_word' id='word_1_200' title='bbox 1184 2801 1428 2863; x_wconf 85' lang='lat' dir='ltr'>infirmi</span> <span class='ocrx_word' id='word_1_201' title='bbox 1471 2800 1674 2863; x_wconf 83' lang='lat' dir='ltr'>animi</span> <span class='ocrx_word' id='word_1_202' title='bbox 1719 2805 1844 2877; x_wconf 86' lang='lat' dir='ltr'>est,</span> <span class='ocrx_word' id='word_1_203' title='bbox 1908 2802 2266 2883; x_wconf 86' lang='lat' dir='ltr'>postulare,</span> 
     </span>
     <span class='ocr_line' id='line_1_29' title="bbox 380 2890 2266 2970; baseline 0.001 -18"><span class='ocrx_word' id='word_1_204' title='bbox 380 2900 448 2952; x_wconf 76' lang='lat' dir='ltr'>ut</span> <span class='ocrx_word' id='word_1_205' title='bbox 496 2892 653 2955; x_wconf 72' lang='lat' dir='ltr'>deus</span> <span class='ocrx_word' id='word_1_206' title='bbox 700 2911 816 2954; x_wconf 85' lang='lat' dir='ltr'>nos</span> <span class='ocrx_word' id='word_1_207' title='bbox 862 2891 1127 2953; x_wconf 90' lang='lat' dir='ltr'>meliore</span> <span class='ocrx_word' id='word_1_208' title='bbox 1172 2890 1311 2952; x_wconf 84' lang='lat' dir='ltr'>loeo</span> <span class='ocrx_word' id='word_1_209' title='bbox 1356 2890 1623 2965; x_wconf 88' lang='lat' dir='ltr'>habeat,</span> <span class='ocrx_word' id='word_1_210' title='bbox 1686 2909 1884 2969; x_wconf 89' lang='lat' dir='ltr'>quam</span> <span class='ocrx_word' id='word_1_211' title='bbox 1939 2890 2266 2970; x_wconf 86' lang='lat' dir='ltr'>reliquam</span> 
     </span>
     <span class='ocr_line' id='line_1_30' title="bbox 380 2978 2267 3057; baseline 0.002 -17"><span class='ocrx_word' id='word_1_212' title='bbox 380 2988 580 3040; x_wconf 64' lang='lat' dir='ltr'>totam</span> <span class='ocrx_word' id='word_1_213' title='bbox 647 2986 1013 3044; x_wconf 85' lang='lat' dir='ltr'>sanctorum</span> <span class='ocrx_word' id='word_1_214' title='bbox 1082 2999 1345 3042; x_wconf 86' lang='lat' dir='ltr'>suorum</span> <span class='ocrx_word' id='word_1_215' title='bbox 1413 2978 1776 3054; x_wconf 82' lang='lat' dir='ltr'>eeclesiam,</span> <span class='ocrx_word' id='word_1_216' title='bbox 1853 2978 1986 3040; x_wconf 91' lang='lat' dir='ltr'>imo</span> <span class='ocrx_word' id='word_1_217' title='bbox 2055 2996 2267 3057; x_wconf 84' lang='lat' dir='ltr'>quam</span> 
     </span>
     <span class='ocr_line' id='line_1_31' title="bbox 383 3067 2263 3150; baseline 0.001 -22"><span class='ocrx_word' id='word_1_218' title='bbox 383 3072 580 3128; x_wconf 73' lang='lat' dir='ltr'>ffliuffl</span> <span class='ocrx_word' id='word_1_219' title='bbox 628 3088 837 3147; x_wconf 82' lang='lat' dir='ltr'>suum,</span> <span class='ocrx_word' id='word_1_220' title='bbox 888 3069 1002 3150; x_wconf 89' lang='lat' dir='ltr'>qui</span> <span class='ocrx_word' id='word_1_221' title='bbox 1046 3067 1192 3130; x_wconf 86' lang='lat' dir='ltr'>ideo</span> <span class='ocrx_word' id='word_1_222' title='bbox 1238 3069 1310 3130; x_wconf 85' lang='lat' dir='ltr'>in</span> <span class='ocrx_word' id='word_1_223' title='bbox 1353 3068 1524 3129; x_wconf 85' lang='lat' dir='ltr'>hanc</span> <span class='ocrx_word' id='word_1_224' title='bbox 1569 3067 1803 3130; x_wconf 75' lang='lat' dir='ltr'>vallem</span> <span class='ocrx_word' id='word_1_225' title='bbox 1844 3067 2060 3129; x_wconf 85' lang='lat' dir='ltr'>Achor</span> <span class='ocrx_word' id='word_1_226' title='bbox 2112 3087 2263 3130; x_wconf 85' lang='lat' dir='ltr'>con-</span> 
     </span>
     <span class='ocr_line' id='line_1_32' title="bbox 380 3155 2269 3236; baseline 0 -16"><span class='ocrx_word' id='word_1_227' title='bbox 380 3160 640 3220; x_wconf 67' lang='lat' dir='ltr'>stitutus</span> <span class='ocrx_word' id='word_1_228' title='bbox 697 3164 824 3234; x_wconf 87' lang='lat' dir='ltr'>est,</span> <span class='ocrx_word' id='word_1_229' title='bbox 894 3164 970 3222; x_wconf 92' lang='lat' dir='ltr'>ut</span> <span class='ocrx_word' id='word_1_230' title='bbox 1023 3162 1203 3220; x_wconf 88' lang='lat' dir='ltr'>tanto</span> <span class='ocrx_word' id='word_1_231' title='bbox 1247 3155 1450 3220; x_wconf 53' lang='lat' dir='ltr'>‘nobis</span> <span class='ocrx_word' id='word_1_232' title='bbox 1519 3155 1746 3218; x_wconf 88' lang='lat' dir='ltr'>cretior</span> <span class='ocrx_word' id='word_1_233' title='bbox 1813 3174 1960 3236; x_wconf 88' lang='lat' dir='ltr'>spes</span> <span class='ocrx_word' id='word_1_234' title='bbox 2030 3155 2269 3220; x_wconf 87' lang='lat' dir='ltr'>salutis</span> 
     </span>
     <span class='ocr_line' id='line_1_33' title="bbox 376 3242 2268 3326; baseline 0 -18"><span class='ocrx_word' id='word_1_235' title='bbox 376 3248 831 3309; x_wconf 58' lang='lat' dir='ltr'>ostzmderetur.</span> <span class='ocrx_word' id='word_1_236' title='bbox 923 3247 1121 3308; x_wconf 84' lang='lat' dir='ltr'>Hunc</span> <span class='ocrx_word' id='word_1_237' title='bbox 1176 3245 1373 3326; x_wconf 87' lang='lat' dir='ltr'>igitur</span> <span class='ocrx_word' id='word_1_238' title='bbox 1426 3251 1739 3324; x_wconf 87' lang='lat' dir='ltr'>tanquam</span> <span class='ocrx_word' id='word_1_239' title='bbox 1800 3242 2032 3307; x_wconf 84' lang='lat' dir='ltr'>ducem</span> <span class='ocrx_word' id='word_1_240' title='bbox 2094 3246 2268 3325; x_wconf 88' lang='lat' dir='ltr'>peri·</span> 
     </span>
     <span class='ocr_line' id='line_1_34' title="bbox 377 3325 2270 3414; baseline 0.003 -22"><span class='ocrx_word' id='word_1_241' title='bbox 377 3340 576 3400; x_wconf 53' lang='lat' dir='ltr'>aulaei</span> <span class='ocrx_word' id='word_1_242' title='bbox 624 3335 815 3399; x_wconf 85' lang='lat' dir='ltr'>huius</span> <span class='ocrx_word' id='word_1_243' title='bbox 860 3330 1108 3397; x_wconf 84' lang='lat' dir='ltr'>itineris</span> <span class='ocrx_word' id='word_1_244' title='bbox 1155 3353 1518 3414; x_wconf 85' lang='lat' dir='ltr'>sequamur,</span> <span class='ocrx_word' id='word_1_245' title='bbox 1568 3333 1734 3396; x_wconf 85' lang='lat' dir='ltr'>sieut</span> <span class='ocrx_word' id='word_1_246' title='bbox 1761 3325 2047 3395; x_wconf 79' lang='lat' dir='ltr'>Michas³</span> <span class='ocrx_word' id='word_1_247' title='bbox 2105 3353 2270 3397; x_wconf 91' lang='lat' dir='ltr'>eum</span> 
     </span>
    </p>
   </div>
   <div class='ocr_carea' id='block_1_4' title="bbox 380 3478 2273 3648">
    <p class='ocr_par' dir='ltr' id='par_1_7' title="bbox 380 3478 2273 3648">
     <span class='ocr_line' id='line_1_35' title="bbox 560 3478 2273 3577; baseline -0.001 -13"><span class='ocrx_word' id='word_1_248' title='bbox 560 3512 608 3576; x_wconf 76' lang='lat'>1]</span> <span class='ocrx_word' id='word_1_249' title='bbox 648 3510 821 3577; x_wconf 86' lang='lat' dir='ltr'>Spem</span> <span class='ocrx_word' id='word_1_250' title='bbox 856 3525 976 3564; x_wconf 90' lang='lat' dir='ltr'>non</span> <span class='ocrx_word' id='word_1_251' title='bbox 1011 3507 1394 3563; x_wconf 79' lang='lat' dir='ltr'>abiiciendam</span> <span class='ocrx_word' id='word_1_252' title='bbox 1438 3507 1502 3561; x_wconf 89' lang='lat' dir='ltr'>in</span> <span class='ocrx_word' id='word_1_253' title='bbox 1550 3478 1729 3561; x_wconf 76' lang='lat' dir='ltr'>eruee.</span> <span class='ocrx_word' id='word_1_254' title='bbox 1803 3504 1860 3574; x_wconf 80' lang='lat'>2)</span> <span class='ocrx_word' id='word_1_255' title='bbox 1899 3505 1948 3558; x_wconf 91' lang='lat'>1.</span> <span class='ocrx_word' id='word_1_256' title='bbox 1994 3504 2273 3562; x_wconf 79' lang='lat' dir='ltr'>Corinth.</span> 
     </span>
     <span class='ocr_line' id='line_1_36' title="bbox 380 3580 2017 3648; baseline 0.004 -16"><span class='ocrx_word' id='word_1_257' title='bbox 380 3584 460 3632; x_wconf 67' lang='lat' dir='ltr'>m.</span> <span class='ocrx_word' id='word_1_258' title='bbox 536 3584 592 3648; x_wconf 70' lang='lat'>3]</span> <span class='ocrx_word' id='word_1_259' title='bbox 632 3581 803 3634; x_wconf 82' lang='lat' dir='ltr'>Mich.</span> <span class='ocrx_word' id='word_1_260' title='bbox 842 3580 894 3634; x_wconf 83' lang='lat'>2.</span> <span class='ocrx_word' id='word_1_261' title='bbox 2015 3589 2017 3592; x_wconf 52' lang='lat'><strong>⁴</strong></span> 
     </span>
    </p>
   </div>
   <div class='ocr_carea' id='block_1_5' title="bbox 560 3737 1691 3808">
    <p class='ocr_par' dir='ltr' id='par_1_8' title="bbox 560 3737 1691 3808">
     <span class='ocr_line' id='line_1_37' title="bbox 560 3737 1691 3808; baseline -0.001 -15"><span class='ocrx_word' id='word_1_262' title='bbox 560 3740 608 3808; x_wconf 55' lang='grc' dir='ltr'>ἢ</span> <span class='ocrx_word' id='word_1_263' title='bbox 643 3741 715 3793; x_wconf 88' lang='lat' dir='ltr'>In</span> <span class='ocrx_word' id='word_1_264' title='bbox 752 3755 927 3807; x_wconf 85' lang='lat' dir='ltr'>marg.</span> <span class='ocrx_word' id='word_1_265' title='bbox 966 3739 1089 3794; x_wconf 84' lang='lat' dir='ltr'>coll.</span> <span class='ocrx_word' id='word_1_266' title='bbox 1128 3740 1280 3794; x_wconf 88' lang='lat' dir='ltr'>Ien.:</span> <span class='ocrx_word' id='word_1_267' title='bbox 1319 3739 1529 3794; x_wconf 85' lang='lat' dir='ltr'>Psalm.</span> <span class='ocrx_word' id='word_1_268' title='bbox 1573 3737 1691 3792; x_wconf 81' lang='lat'>125.</span> 
     </span>
    </p>
   </div>
  </div>
 </body>
</html>
