2575 4225
440 277 539 341 Ozeae
563 278 747 360 prophetae.
1020 278 1064 343 49

424 455 489 521 Ista
514 448 760 540 subsan[nae·0]:

127 562 158 643 ei
188 559 254 627 mitt
281 559 326 629 ein
355 558 425 643 leot·
442 559 532 640 broni
559 560 671 628 nata
695 568 734 626 ut
761 562 797 625 in
826 582 874 644 ps.
910 563 968 643 qui
1001 583 1068 629 non

15 677 16 680 ¹
128 657 306 735 posuerrmt
321 651 357 715 in
372 650 471 715 deum
486 670 543 732 spe
559 670 697 727 menam,
719 651 755 713 hi
770 658 848 715 sunt
860 650 995 735 Saenia,
1011 655 1069 733 qui

129 740 334 803 confidebant
356 740 392 803 in
415 740 581 821 egyptum
604 745 663 805 eto.
686 740 809 821 ubique
839 738 905 807 mitt
931 757 1002 808 maa
1023 740 1070 824 ibt

128 828 245 911 [husten.
289 828 482 909 Hieronymi
505 829 665 893 sententia
686 829 741 893 hio
770 850 837 893 non
868 830 987 895 arridet
1007 837 1067 895 ete.

127 918 198 981 Hoe
214 917 280 999 egit
293 922 332 979 ut
345 918 480 997 erigeret
494 918 653 1000 populum
667 918 709 981 ad
724 918 823 981 fidem
842 925 874 982 et
896 920 1070 984 retraheret

128 1006 307 1089 aspeoioso
323 1006 411 1070 eultu
427 1012 486 1070 eto.
534 1006 600 1075 Silet
623 1005 730 1088 heiloie
751 1005 835 1089 [liciti
853 1057 963 1073 .....
981 1009 1067 1073 feeit.

348 1234 459 1319 eaput
481 1234 651 1303 (letarum
675 1235 848 1317 sequitur.

219 1362 283 1425 Hie
306 1362 424 1425 iterum
448 1364 634 1426 exhortetur
661 1364 794 1447 spiritus
822 1363 1013 1447 prophetam
1035 1368 1072 1426 ut

130 1451 231 1515 instet
254 1457 286 1514 et
310 1458 422 1533 pergat
446 1452 524 1531 quia
545 1452 685 1535 populus
708 1453 788 1515 furit
801 1452 837 1517 in
851 1452 1017 1536 impietate
1040 1457 1073 1516 et

128 1540 237 1623 speeie
260 1539 363 1603 nimia
385 1540 459 1603 falsi
482 1541 596 1613 cultus.
700 1550 709 1574 ⁴

390 1716 401 1741 ”
476 1701 517 1767 In
540 1694 728 1785 gut[tore]¹:

74 1827 77 1835 ·
130 1809 166 1870 in
190 1808 264 1871 Eae.
289 1807 417 1889 phrasis
440 1806 511 1870 ista.
571 1808 692 1870 exalta-
711 1826 823 1873 vocem
856 1812 949 1871 tuam
982 1806 1075 1888 quael

130 1896 246 1961 tubam
264 1902 323 1960 ete.
350 1894 423 1979 lotii
437 1910 485 1975 acu
507 1903 538 1961 et
560 1894 669 1975 inritett
692 1896 804 1973 clama,
828 1895 934 1961 clama
955 1902 988 1960 et
1009 1916 1074 1976 quo

130 1986 205 2069 plus
229 1984 425 2067 impediaris,
450 2004 487 2048 eo
509 1984 613 2066 magis
636 1985 740 2048 clama
762 1990 821 2048 eto.

484 2156 603 2237 'Quasi
626 2130 744 2244 aquila.

224 2271 287 2334 hoo
309 2269 416 2334 neseio
439 2269 519 2352 quid
546 2270 602 2346 sit,
634 2269 791 2350 frigidum
819 2274 852 2333 et
879 2275 1001 2334 tortum
1028 2274 1078 2333 est

133 2368 234 2466 atque
254 2359 375 2426 violent
361 2365 432 2423 tum
454 2357 542 2440 quod
564 2357 643 2423 dicit
629 2359 886 2440 tHieronymus.
933 2358 985 2421 Sie
1007 2377 1076 2438 ego,

134 2453 164 2514 si
187 2453 301 2532 posset
323 2447 490 2511 cohaerere
520 2446 650 2528 quodt
650 2467 673 2510 u
702 2447 746 2510 sis
775 2452 809 2510 et
837 2446 955 2510 clames
982 2465 1079 2528 super

134 2539 313 2621 popzulum
344 2536 427 2601 siout
457 2536 565 2617 aquila
587 2555 683 2617 super
709 2535 844 2599 domum
870 2533 996 2599 domini
1018 2539 1077 2598 ete

134 2559 203 2708 Seii)
217 2624 287 2707 nell
309 2622 381 2706 sitit
403 2632 466 2692 noa
489 2632 521 2690 ee
543 2621 587 2707 tlt
610 2623 728 2692 mosee
749 2623 843 2706 [aliea
864 2623 957 2708 getan

431 2783 654 2866 Praevalrieaii
673 2779 795 2865 mnt]⁸:

139 2895 263 2962 seilicet
285 2861 372 2957 idola
394 2893 543 2958 colenter.

533 3054 690 3119 Invooant

142 3163 229 3244 legit.

554 3316 677 3382 Israhel

167 3429 265 3493 lest:
297 3447 355 3491 nos
383 3426 522 3509 populus
551 3431 626 3487 tuus
646 3417 708 3488 eto.
756 3395 907 3504 aliegorat
933 3420 1083 3484 dominus

175 3518 244 3582 erbe
266 3535 378 3580 eorum
401 3522 459 3580 eto.

239 3761 266 3830 l)
287 3773 316 3817 ἰη
337 3761 361 3815 1.
399 3761 427 3829 2)
451 3757 558 3828 Incipit
576 3758 623 3813 fol.
644 3757 703 3812 120.
714 3757 746 3811 Β.
765 3754 860 3812 MSOi.
896 3756 925 3824 3)
944 3774 970 3813 v.
989 3755 1014 3809 2.

189 3860 278 3903 Lethen
291 3869 339 3910 opta
354 3861 440 3910 exeget
468 3859 516 3900 Vol.
530 3857 606 3899 XXIV·
909 3844 928 3898 4
