2575 4225
468 313 567 375 anae
591 314 776 395 prophetae.
1047 312 1090 378 47

145 489 223 553 14414
245 490 328 553 bene
358 490 399 553 ad
428 510 496 567 me,
532 490 589 555 aad
618 511 685 555 non
712 490 873 567 clamatis,
909 492 1030 555 44111444
1057 495 1093 555 in

147 579 244 642 cordo
279 586 338 643 etc.
386 578 465 642 fides
500 599 566 642 non
601 585 659 656 444,
694 600 752 663 per
786 599 884 662 opera
916 588 950 645 44
982 581 1092 645 studia

145 673 254 733 vestra
281 668 436 745 clamatis,
471 667 506 732 id
541 668 629 749 quod
659 669 801 733 ululatus
834 688 942 732 merus
977 678 1026 734 444
1058 678 1091 735 44

146 758 325 833 tumultus,
361 756 467 839 944144,
502 757 663 841 4444444441,
699 757 830 838 quando
853 765 1002 821 sanetum
1024 779 1089 823 vcr-

144 846 229 908 bum
252 845 305 908 dei
328 851 476 909 cantatur
505 848 575 909 aine
599 847 703 909 corde.
749 847 811 909 hoc
840 847 929 910 videt
956 848 1090 929 spiritua

144 935 356 1015 propheticus
379 936 465 999 aolus
489 942 548 999 444.

442 1094 543 1176 Super
566 1094 709 1159 triticum
732 1101 791 1157 etc.

239 1200 321 1264 Nota
355 1202 443 1263 hunc
477 1220 545 1264 4444
579 1201 687 1264 locum
722 1200 821 1263 etiam
856 1201 1013 1264 celebrem
1047 1204 1089 1265 de

145 1295 348 1352 sacramento
372 1290 497 1367 altaris,
529 1290 585 1353 aed
615 1290 689 1354 vide
712 1290 869 1353 iustitiam
892 1309 1004 1355 corum
1027 1299 1085 1355 eto.

500 1443 736 1535 Rumunataa]

143 1556 364 1636 congregandi
391 1556 526 1621 verbum
556 1566 624 1619 4444
655 1557 736 1621 volo.
784 1556 826 1619 ad
848 1556 991 1621 triticum
1013 1565 1084 1623 etc:

142 1644 268 1707 idest:
298 1663 409 1708 comm
432 1642 577 1709 studium
606 1652 668 1723 444,
700 1653 738 1710 44
766 1647 870 1708 solum
898 1648 1088 1729 temporalia

143 1740 313 1813 quaerant,
336 1733 457 1815 impius
481 1754 592 1797 eorum
615 1735 736 1798 clamor
758 1742 791 1799 et
813 1734 997 1799 incredulus
1020 1757 1086 1798 non

143 1822 272 1902 quaerit
305 1822 438 1925 gloriam
472 1842 589 1901 meam,
625 1823 682 1886 aed
715 1844 827 1887 eorum
860 1829 1015 1902 ventrem,
1050 1831 1087 1889 ut

144 1910 356 1974 abundent
346 1932 382 1973 m
415 1918 508 1975 terra
555 1931 604 1993 pa
629 1913 659 1975 4.
695 1932 715 1974 4
748 1913 978 1977 frumentot
946 1920 978 1977 et
1011 1914 1086 1976 vino

143 2000 413 2081 multiplicantur,
438 2000 655 2082 grandescunt
677 2006 737 2064 etc.
761 2015 845 2068 ment
866 2000 902 2083 lle
920 2000 1087 2134 4441441444

144 2089 202 2156 aab
225 2087 332 2173 1444444
354 2088 452 2172 tabat

358 2248 414 2313 sed
438 2270 496 2330 ego
518 2250 650 2313 laetor
640 2271 676 2313 m
699 2249 794 2313 corde
816 2258 875 2316 etc.

237 2355 392 2419 Ventrem
422 2356 520 2420 deum
551 2357 661 2421 colunt
690 2364 731 2420 et·
751 2354 904 2421 deserunt
930 2377 998 2435 me,
1029 2379 1088 2439 pro

143 2452 355 2521 recesserunt,
379 2444 542 2508 declinant
566 2439 608 2530 [a]
632 2467 700 2522 mc,
732 2446 847 2508 melius
870 2446 1002 2525 fugiunt
1023 2466 1086 2508 me.

465 2606 507 2668 Et
529 2626 587 2685 ego
611 2601 763 2669 erudivi.¹

160 2731 165 2736 ·
238 2709 512 2791 Ammifioationes
524 2711 670 2774 ciusdem
681 2709 914 2774 incredulitatis
930 2729 989 2790 ego
1004 2708 1088 2772 facio

145 2803 181 2860 et
197 2796 347 2861 deberem
363 2800 475 2876 facere,
501 2800 557 2862 aad
572 2800 636 2881 ipsi
651 2821 686 2864 44
701 2800 854 2864 erudiunt
868 2799 960 2862 novis
975 2798 1087 2861 doctri-

144 2887 200 2950 414
224 2892 257 2950 44
277 2886 411 2968 legibus,
436 2896 595 2968 quaerunt
617 2889 817 2951 Pharaonem
839 2887 965 2951 4441144
988 2906 1088 2966 aegea,

9 2975 13 2986 '
143 2977 294 3038 humana
316 2976 444 3040 auxilia.

422 3135 462 3198 In
485 3156 536 3198 me
560 3130 809 3219 cogitaberunt:

146 3241 237 3322 quod
252 3248 363 3305 contra
377 3243 568 3324 prophetam
583 3241 735 3321 cogitant,
756 3241 818 3302 hoc
834 3240 975 3319 cogitant
990 3242 1089 3303 etiam

146 3337 260 3393 contra
283 3330 390 3394 deum.
436 3331 525 3393 Nihil
547 3329 636 3393 aliud
660 3336 761 3410 agunt
775 3347 874 3409 quam
890 3328 978 3409 quod
1000 3329 1088 3390 dam-

185 3427 229 3483 nt
262 3419 442 3483 doctrinam
472 3420 648 3502 prophetae
675 3425 709 3482 et
736 3424 881 3481 statuant
907 3436 1000 3481 auam
1027 3422 1088 3478 etc.

190 3530 207 3571 o
230 3514 361 3590 paratus
383 3528 456 3574 sum
479 3528 534 3572 eos
557 3507 691 3586 crudire,
715 3507 880 3581 redimere,
909 3505 1001 3582 tueri,
1032 3505 1090 3567 scd

186 3597 212 3660 41
234 3598 339 3680 parati
362 3605 438 3661 aunt
461 3618 494 3661 44
517 3597 605 3679 ipsos
620 3597 733 3661 docere
748 3603 807 3659 cta.
832 3592 994 3677 4444444144
1008 3590 1088 3674 add.

239 3787 267 3856 1)
286 3805 312 3846 v.
333 3788 374 3844 15.
