2575 4225
461 286 559 350 Ozeae
582 288 768 370 prophetae.
1041 289 1083 350 69

144 465 244 529 domo
267 464 458 527 insidiarum
481 465 516 528 in
539 465 591 528 die
614 465 700 542 belli,
725 466 770 529 sic
789 486 849 546 ego
863 466 944 547 lego,
969 465 1082 529 idest:

143 555 230 617 sicut
252 554 289 616 fit
311 554 368 633 qui
391 553 482 617 sedet
503 555 539 617 in
562 554 659 618 domo
682 575 742 618 sua
763 556 799 618 in
820 575 899 636 pace
922 561 955 618 et
977 554 1085 618 subito

142 644 238 705 irruit
259 643 361 706 hostis
385 648 417 706 et
438 644 546 725 perdit
568 664 680 707 omnes
703 650 840 707 matrem
862 651 896 706 et
917 645 1000 714 filias
1023 651 1082 708 eto.

142 731 207 794 Sed
230 731 338 813 potius
361 732 455 795 credo
479 732 566 812 quod
589 733 694 813 tangit
714 733 883 796 historiam
912 754 995 813 quae
1018 755 1085 796 non

142 828 193 884 est
216 821 349 901 scripta,
380 821 457 901 quia
479 828 556 885 sunt
578 822 708 903 propria
731 822 865 885 nomina
885 823 996 900 Arbel,
1021 822 1084 885 Sal·

141 930 222 973 man
246 916 304 973 etc.
352 909 404 985 Sic
425 910 525 973 lucae.
553 910 603 973 13.
628 912 663 973 in
686 910 862 992 primordio
884 912 996 993 paucis
1018 932 1084 976 ver·

140 998 194 1061 bis
223 998 374 1062 historias
400 1000 506 1079 tangit
534 1020 601 1063 non
630 1000 765 1081 scriptas
788 1007 847 1063 eto.
893 1000 946 1061 Ad
975 1001 1084 1063 simili·

141 1087 294 1151 tudinem
313 1087 410 1150 huius
430 1088 582 1151 historiae
601 1088 680 1151 dicit
695 1087 875 1170 perdendos
889 1088 1083 1151 israhelitas.

338 1258 507 1341 Sequitur
529 1248 635 1361 caput
657 1261 896 1329 undecimum.

527 1407 567 1469 In
590 1404 705 1470 mane¹

142 1516 195 1579 vel
219 1515 303 1577 sicut
324 1533 430 1576 mane.
477 1515 593 1577 melius
616 1534 739 1578 aurora.

234 1603 325 1666 Haec
348 1608 397 1666 est
419 1604 578 1665 sententia
599 1604 698 1666 huius
721 1604 835 1685 capitis
864 1604 951 1684 quod
974 1604 1017 1680 sit
1039 1604 1086 1665 in-

141 1698 324 1757 veteratum
357 1692 481 1753 malum
517 1692 603 1755 itlius
636 1694 751 1775 populi
785 1688 1005 1777 idol[lc]atria‚
1044 1713 1086 1753 ex

141 1788 235 1845 utero
259 1780 440 1862 peccatores
460 1779 590 1843 formati
611 1788 688 1844 sunt
703 1788 761 1845 ete.
808 1782 882 1857 Esa,
906 1789 939 1846 et
960 1781 1009 1862 but
1022 1779 1087 1862 Ebu

143 1867 328 1953 caqebuuqeu
355 1882 411 1935 cca
436 1874 544 1935 amanet
570 1869 623 1935 [eit
646 1886 685 1936 aa
707 1870 794 1950 quod
816 1870 895 1932 mali
918 1876 1008 1945 sunt,
1040 1867 1086 1935 uie

141 1964 254 2025 nuncu
284 1956 410 2041 geleiten
441 1972 497 2023 uon
520 1974 583 2025 auu
611 1966 696 2025 nucu
723 1966 783 2022 etc.
831 1960 877 2021 sic
907 1958 1085 2040 stephanus

141 2051 181 2112 in
205 2049 296 2112 actis.

257 2167 331 2241 ,²111
355 2192 468 2235 aurora
490 2173 650 2236 similatus
673 2179 723 2235 est
744 2191 801 2234 rex
823 2172 955 2247 Israhel,

141 2281 199 2345 vel
222 2279 320 2342 silens
343 2280 432 2343 siluit
453 2300 511 2342 rex
532 2282 713 2356 inaurare,
738 2278 860 2342 idest:
884 2278 990 2342 subito
1014 2283 1084 2353 ete,

139 2369 180 2431 id
203 2374 268 2434 estc
290 2369 604 2448 magnificavi'hunc
627 2369 785 2451 populum
807 2373 846 2430 ut
867 2387 1003 2446 regnum
1024 2367 1087 2429 hoc

140 2458 303 2520 mirentur
314 2477 426 2521 omnes
437 2459 559 2539 populi,
576 2458 779 2539 exprobratio
794 2463 844 2519 est
857 2454 1086 2518 beneficiorum

141 2553 351 2628 acceptorum
379 2552 412 2609 et
441 2547 591 2610 datorum
619 2547 655 2608 in
685 2546 854 2608 eductione
883 2564 924 2605 ex
946 2543 1084 2623 Egypto,

74 2646 79 2652 ’
141 2644 179 2700 et
212 2637 489 2713 commemoratio,
531 2636 565 2699 id
600 2642 662 2699 est:
698 2655 719 2697 a
746 2632 921 2716 primordio
956 2631 1087 2712 quando

140 2725 228 2808 iungi
250 2731 332 2800 erat,
362 2724 454 2790 vaide
484 2725 659 2806 diligebam
687 2744 756 2800 eos,
786 2742 913 2804 semper
940 2720 1087 2783 benefeci

146 2835 205 2878 e1s.
232 2848 276 2858 --

235 2902 371 2964 Dilectio
393 2921 466 2964 mea
489 2904 655 2984 praevenit
677 2923 732 2965 eos
755 2908 813 2965 etc.

236 3010 431 3070 quocunque
450 2992 647 3055 vocabantur
669 2992 776 3054 ierunt
791 2997 850 3053 etc.
885 3008 937 3050 me
961 2988 1085 3050 debuis-

144 3087 219 3143 sent
249 3080 356 3158 sequi,
394 3079 450 3142 sed
475 3080 608 3161 quando
629 3100 740 3143 novus
769 3079 879 3142 doctor
909 3083 1088 3139 surrexerat

143 3169 239 3231 illum
270 3168 486 3247 sequebantur
509 3175 567 3231 etc.
615 3169 721 3231 Mores
744 3187 855 3230 eorum
877 3165 1009 3229 toleravi
1031 3185 1088 3245 per

145 3259 191 3319 40
214 3257 284 3319 dies
306 3258 414 3337 inquit
435 3257 552 3320 Paulus
576 3257 611 3318 in
634 3256 723 3320 actis.

363 3400 403 3461 In
426 3399 560 3462 funibus
583 3401 756 3462 hominum
779 3391 869 3474 etc.‚³

205 3514 269 3570 est:
294 3505 460 3570 beneficiis
481 3506 607 3588 capiam
623 3526 677 3569 eos
693 3512 752 3569 ete.
800 3503 918 3584 quibus
940 3503 1088 3564 homines

192 3597 332 3660 ciuntur.
357 3628 399 3640 -

196 3715 366 3730 --—

240 3769 267 3839 1)
287 3785 313 3826 v.
334 3769 358 3822 1.
395 3768 423 3838 2)
443 3769 577 3834 Siclego.
613 3767 642 3835 3)
660 3785 686 3822 v.
705 3767 730 3820 4.
