2575 4225
198 235 264 303 238
505 235 621 318 ,Caput
642 232 821 299 secundum

195 414 339 479 themate
362 417 555 489 consecrata,
578 417 691 475 contra
704 410 897 473 mandatum
912 408 1046 487 domini,
1071 410 1142 496 pal-

188 502 261 577 lam
283 507 317 564 et
338 519 454 566 aurum
476 501 560 563 olam
582 500 776 577 abstulisset,
801 495 931 581 publica
953 498 1139 563 calamitate

194 591 356 674 privatum
379 595 549 672 peccatum
563 590 717 672 punitum
732 594 790 653 est.
825 588 1031 653 Habitatores
1047 588 1138 653 enim

194 678 334 745 civitatis
362 678 405 742 Αἰ
427 678 489 742 tria
510 678 729 744 israelitarum
756 677 847 741 milia
874 677 911 739 in
933 676 1045 757 fugam
1069 698 1136 741 ver·

194 773 311 844 terunt
335 767 437 831 caesis
458 772 526 831 nori
547 768 669 849 paucis.

281 857 373 919 Haeo
401 856 568 920 subitost
595 856 760 937 insperata
785 854 951 917 calamitas
985 852 1137 917 omnium

194 945 319 1009 animos
342 944 549 1028 perturbavit,
573 943 768 1010 uidebantur
790 944 878 1007 enim
901 942 1016 1024 reliqui
1031 949 1136 1008 terrae

194 1033 324 1097 Oanaan
346 1034 542 1097 habitatores
560 1033 758 1113 resumpturi
780 1032 907 1097 animos
928 1033 1135 1107 ex-Aitarum

193 1142 351 1186 successu.
397 1123 441 1186 Et
461 1123 655 1203 loquebatur
667 1142 717 1185 res
732 1122 812 1202 ipsa,
837 1120 1016 1197 dominum,
1041 1122 1136 1185 cuius

192 1212 288 1274 timor
310 1217 413 1274 totam
436 1217 565 1291 gentem
583 1212 677 1291 illam
700 1216 891 1292 pervaserat,
916 1210 958 1272 ab
979 1208 1137 1276 Israelitis

192 1300 369 1363 recessisse.
403 1300 517 1381 ltaque
532 1300 574 1363 ab
585 1305 705 1363 eventu
716 1305 871 1364 vocarunt
882 1299 998 1361 vallem
1013 1296 1132 1377 Achor,

192 1389 286 1469 quasi
320 1388 424 1465 dicas,
459 1387 653 1452 turbationis
686 1388 817 1465 vallem,
858 1387 962 1467 quod‘
983 1388 1134 1451 omnium

191 1477 293 1542 animi
314 1477 478 1559 insperata
499 1477 590 1541 clade
611 1477 693 1539 mire
715 1477 893 1558 perturbati
915 1481 1031 1539 essent.
1068 1476 1135 1539 Sed

191 1565 284 1629 Iosue
306 1572 482 1649 postquam
503 1566 653 1629 lustravit
684 1565 875 1642 exercitum,
892 1571 938 1630 ¹et
959 1572 1045 1629 sorte
1072 1566 1133 1628 ini·

191 1654 298 1734 quitus
320 1655 434 1719 than
455 1655 585 1736 prodita
606 1660 699 1731 esset,
724 1654 863 1736 sumpsit
878 1654 1076 1735 supplicium
1091 1655 1137 1718 de

190 1762 237 1819 eo,
262 1748 295 1806 et
317 1743 467 1823 mitigata
485 1744 548 1807 hoc
562 1749 658 1825 pacto
673 1743 721 1806 ira
735 1743 874 1820 domini,
895 1749 1007 1825 postea
1021 1744 1137 1809 omnia

190 1831 322 1898 fuerunt
344 1832 459 1896 felicia.

283 1915 352 1983 ¹Ad
380 1921 469 1985 hunc
496 1920 632 1984 modum
662 1920 855 1985 vaticinatur
883 1920 1033 1985 ecclesiae
1061 1942 1141 2003 prov
1199 1974 1218 2003 ,

189 2008 297 2089 pheta,
321 2009 479 2087 futurum,
502 2015 541 2075 ut
562 2010 636 2092 ipsa
657 2028 796 2097 quoque
809 2010 928 2075 habeat
950 2022 1044 2074 suam
1066 2012 1134 2075 val·

188 2098 253 2164 lem
275 2098 396 2176 Achor,
425 2099 488 2163 hoc
510 2104 573 2175 est,
603 2105 641 2163 ut
670 2118 762 2164 cruce
791 2104 823 2163 et
852 2098 950 2163 variis
979 2099 1137 2181 pericula

189 2193 380 2251 exerceatur.
412 2188 496 2251 Nota
517 2188 604 2250 enim
627 2195 677 2252 est
691 2188 829 2252 Satanae
849 2189 978 2253 malicia
1000 2195 1032 2252 et
1055 2191 1135 2252 assi·

188 2274 292 2339 duum
315 2275 470 2353 studium,
494 2296 559 2356 quo
577 2276 749 2341 insidiatur
765 2277 862 2341 verbo
877 2283 910 2338 et
924 2277 1010 2354 fidei,
1035 2278 1135 2342 initio

189 2363 308 2427 excitat
329 2364 447 2446 impios
469 2364 630 2441 doctores,
655 2366 712 2445 qui
735 2371 846 2432 serunt
868 2385 983 2446 pravas
1007 2367 1133 2448 opinio-

187 2473 246 2516 nes
269 2452 309 2517 de
332 2454 494 2534 religione.
540 2455 610 2516 Has
633 2454 711 2534 quia
733 2454 879 2518 mundus
898 2455 991 2518 avide
1010 2457 1131 2538 ample-

189 2542 295 2618 ctitur,
320 2544 419 2606 etiam
434 2543 576 2606 crudelia
590 2543 724 2607 consilia
746 2542 842 2623 capit,
866 2563 903 2606 ao
919 2544 953 2608 vi
967 2551 1134 2624 grassatur

188 2630 224 2694 in
246 2650 337 2693 verae
364 2632 526 2710 religionis
555 2631 710 2695 doctores.
756 2631 899 2694 Mundus
929 2633 1017 2696 enim
1046 2634 1135 2698 nihil

188 2723 294 2797 potest
326 2719 436 2781 minus
470 2721 567 2797 ferre,
599 2740 699 2800 quam
727 2719 894 2783 idolatriae
920 2728 953 2784 et
980 2723 1133 2802 supersti-

187 2805 286 2868 tionis
308 2808 602 2888 reprehensionem,
638 2809 723 2873 sicut
745 2808 930 2890 experimur
951 2810 987 2872 in
1009 2811 1133 2874 nostris

188 2893 346 2978 episcopis
379 2902 414 2960 et
449 2897 666 2980 pontificibus.
720 2898 890 2978 Utrunque
928 2897 1026 2978 igitur
1064 2900 1131 2981 piis

185 2984 364 3068 periculum
387 2992 445 3064 est,
469 2992 507 3051 ut
528 2992 562 3050 et
583 2988 688 3052 vitent
710 2986 812 3068 impia
834 2985 995 3067 dogmata,
1020 2995 1053 3052 ct
1075 3007 1129 3068 pa-

186 3073 306 3135 cienter
336 3074 442 3138 ferant
469 3075 605 3138 iniurias
631 3081 858 3156 tyrannorum,
887 3096 968 3156 quas
997 3083 1132 3158 propter

187 3160 411 3226 defensionem
437 3184 533 3226 sanae
567 3164 731 3228 doctrinae
766 3165 923 3228 sustinere
958 3172 1128 3245 oogtmtur.

276 3248 339 3312 Sed
360 3251 442 3314 haec
463 3253 528 3315 fere
550 3253 648 3317 ludus
671 3259 705 3316 et
723 3254 812 3316 iocus
827 3259 913 3330 sunt,
938 3253 966 3316 si
981 3254 1135 3320 conferas

187 3337 229 3400 ad
251 3338 307 3401 illa
329 3340 513 3417 certamina,
538 3361 620 3421 quae
643 3342 821 3422 inpiorum
837 3342 958 3405 animis
974 3343 1135 3408 aSatana

188 3428 382 3505 excitantur,
412 3428 448 3490 hi
475 3429 563 3491 enim
593 3431 654 3494 etsi
684 3451 750 3493 non
781 3431 840 3494 soli
869 3430 1014 3495 sentiunt
1036 3451 1138 3504 veroa,

188 3520 321 3581 terrores
343 3518 474 3594 mortis,
499 3524 608 3582 tamen
632 3519 691 3582 soli
714 3525 861 3602 pugnant
883 3525 995 3584 contra
1017 3520 1129 3602 despe-

279 3706 307 3775 1)
328 3708 457 3764 Ecclesia
474 3709 563 3765 habet
580 3711 684 3766 vallem
703 3711 806 3766 Achor.
