2575 4225
222 251 288 314 468
470 247 574 330 Caput
596 248 728 312 tertium
750 248 914 311 decimum

220 427 372 492 extremis
395 425 566 506 angustiis,
590 425 736 507 undique
759 446 887 507 premor
909 430 942 488 et
964 444 1079 506 angor,
1105 443 1164 490 nec

221 522 310 598 patet
331 515 527 594 liberationis
549 515 610 579 via.
658 515 781 578 Eadem
802 534 931 596 prorsus
954 515 1072 594 figura,
1097 516 1163 578 imo

221 604 337 668 iisdem
367 623 495 684 quoque
524 603 630 667 verbis
660 606 819 686 propheta
849 603 905 687 bio
937 604 1050 668 utitur.
1080 605 1163 686 *Nos

222 694 284 757 etei
306 694 452 774 pluribus
474 691 580 757 verbis
609 712 722 756 sumus
748 694 815 770 usi,
845 697 956 755 tamen
983 693 1163 775 exprimere

220 782 410 847 brevitatem
432 782 549 845 Ebraei
571 782 727 846 sermonis
750 803 818 846 non
840 782 918 846 satis
941 783 1118 864 potuimus.

267 957 337 1073 Da
359 979 479 1022 manu
502 960 658 1023 inferni
681 957 875 1022 redimam
899 979 979 1037 eos,
1004 967 1164 1024 amorte

332 1047 550 1113 vindicabo
574 1069 652 1112 eos.
700 1050 775 1111 Ero
799 1049 929 1130 pestis
952 1053 1023 1112 tua
1045 1071 1161 1126 mors,

268 1158 333 1202 ero
356 1138 533 1202 exitium
555 1143 669 1201 tuum
691 1137 860 1201 inferne.

223 1312 416 1424 *Propheta
429 1322 603 1397 postquam
618 1315 763 1379 idolatris
782 1317 997 1380 vastationem
1019 1315 1164 1380 minatus

293 1411 351 1480 est,
368 1426 455 1468 nunc
474 1404 608 1468 vertitur
623 1405 665 1467 ad
681 1405 932 1468 consolationem
946 1405 1086 1486 piorum,
1109 1405 1165 1486 qui

223 1514 290 1556 non
312 1494 417 1556 solum
440 1495 614 1574 spectaturi
637 1499 705 1556 tam
726 1495 896 1560 horribiles
918 1514 1039 1575 poenas
1063 1500 1163 1570 erant,

224 1581 281 1645 sed
304 1582 417 1658 etiam,
442 1586 480 1644 ut
501 1582 551 1659 fit,
576 1601 630 1644 eas
653 1582 793 1663 passuri,
817 1603 896 1645 nam
918 1601 993 1645 cum
1015 1583 1165 1664 publicae

223 1691 346 1752 poenae
358 1677 551 1751 grassantur,
568 1671 667 1733 etiam
679 1670 727 1752 pii
740 1675 866 1752 partem
882 1691 993 1734 earum
1009 1673 1165 1736 sentiunt.

313 1759 469 1823 Mirabilis
492 1765 601 1823 autern
623 1761 703 1823 haec
726 1761 900 1824 consolatio
916 1767 973 1835 est,
997 1780 1098 1840 quam
1119 1761 1175 1824 eis·

224 1848 384 1931 proponit.
431 1850 504 1912 Non
526 1849 615 1912 enim
637 1850 717 1912 dicit
739 1849 902 1926 futurum,
927 1855 964 1912 ut
986 1869 1042 1912 eos
1065 1850 1166 1913 domi-

225 1959 303 2014 nus,
340 1957 414 2000 oum
448 1938 578 2017 ingruet
603 1939 754 2018 Assyrius
788 1939 980 2014 monarcha,
1015 1958 1036 1999 a
1065 1957 1168 2002 manu

225 2028 295 2090 eius
316 2027 439 2089 liberet.
486 2027 698 2104 Occidemini,
712 2027 842 2107 inquit,
867 2047 923 2091 vos
946 2047 1085 2108 quoque,
1111 2033 1170 2091 aut

225 2116 345 2198 captivi
368 2117 574 2180 abducemini
588 2118 623 2179 in
639 2123 759 2197 gentes,
783 2137 843 2180 neo
859 2118 919 2180 erit
933 2118 1046 2180 melior
1061 2124 1169 2181 vestra

225 2206 383 2282 conditio,
419 2226 518 2285 quam
545 2206 771 2282 idolatrarum,
806 2212 937 2287 propter
966 2226 1047 2286 quos
1075 2212 1169 2271 tanta

225 2297 274 2358 ira
297 2301 329 2359 et
352 2296 518 2358 calamitas
541 2301 711 2374 grassatur.
757 2296 852 2357 Hanc
875 2315 1015 2378 poenam
1031 2296 1167 2359 sustine·

225 2384 303 2449 bitis
326 2404 428 2465 aequo
456 2385 581 2460 animo,
611 2404 648 2446 ac
676 2384 846 2465 sperabitis
875 2385 970 2465 longe
1000 2384 1169 2448 meliorem

224 2474 465 2550 liberationem,
490 2493 590 2553 quam
613 2474 641 2536 si
663 2493 751 2537 nuno
774 2492 815 2535 ex
837 2493 937 2537 manu
960 2474 1169 2536 inimicorum

224 2559 472 2626 liberaremini.¹
521 2562 678 2625 Liberabo
708 2563 795 2625 enim
824 2582 881 2625 vos
910 2562 950 2623 de
984 2581 1087 2625 manu
1120 2563 1167 2625 in·

226 2652 326 2727 ferni,
349 2652 412 2714 hoo
434 2656 496 2727 est,
520 2651 586 2712 iam
609 2651 677 2714 vita
698 2651 827 2714 functos
850 2656 882 2715 et
904 2652 1061 2732 sepultos,
1086 2652 1168 2714 exci-

226 2739 302 2802 tabo
325 2740 361 2800 in
383 2739 548 2801 meliorem
571 2744 603 2801 et
620 2744 784 2802 aeternam
799 2740 909 2804 vitam.
956 2739 1008 2802 Sic
1023 2741 1168 2821 pensabo

226 2828 393 2911 passiones
419 2832 557 2904 vestras,
593 2833 628 2891 et
654 2828 892 2907 tribulationes,
928 2848 1010 2912 quae
1040 2830 1170 2911 parient

227 2924 395 2981 aeternum
418 2916 546 2998 pondus
569 2918 688 2997 gloriae
711 2924 769 2981 etc.

316 3006 518 3069 Vocabulum
542 3005 675 3082 ,Seheol‘
701 3007 788 3087 quod
814 3006 880 3069 fere
909 3006 1075 3070 infernum
1102 3026 1168 3070 ver·

153 3134 161 3160 r
226 3102 316 3173 tunt,
352 3095 512 3175 significat
546 3096 752 3177 sepulchrum
782 3115 840 3159 seu
868 3096 975 3158 locum
1005 3095 1041 3157 in
1069 3116 1170 3175 quem

34 3171 72 3192 Χ
162 3226 166 3229 -
228 3175 383 3249 cadavera
404 3184 575 3247 hominum
597 3192 805 3266 reponuntur.
847 3184 962 3265 ltaque
977 3184 1047 3248 vult
1061 3184 1169 3248 dicere

228 3274 400 3355 propheta:
425 3274 507 3335 Cum
528 3273 595 3334 iam
618 3293 751 3354 corpora
773 3278 878 3337 vestra
897 3279 998 3337 terrae
1013 3274 1170 3337 mandata
1273 3252 1275 3353 Ξ

228 3364 364 3441 fuerint,
395 3371 428 3427 et
455 3361 599 3425 iacebitis
626 3362 732 3425 omnis
761 3382 874 3425 sensus
904 3367 1066 3442 expertes,
1096 3369 1156 3425 tun
1272 3356 1275 3449 Ξ

318 3573 345 3641 1)
363 3572 519 3627 Promissio
537 3573 573 3627 de
591 3572 733 3627 abolenda
750 3576 850 3627 morte.

318 3733 343 3799 ⁸)
362 3734 397 3785 In
415 3750 503 3799 marg.
523 3733 585 3786 coll.
604 3734 681 3786 Ien.:
701 3731 866 3823 Consolatio
883 3733 1005 3803 piorum.
1059 3790 1061 3811 Ξ
