<?xml version="1.0" encoding="UTF-8"?>
<!DOCTYPE html PUBLIC "-//W3C//DTD XHTML 1.0 Transitional//EN"
    "http://www.w3.org/TR/xhtml1/DTD/xhtml1-transitional.dtd">
<html xmlns="http://www.w3.org/1999/xhtml" xml:lang="en" lang="en">
 <head>
  <title>
</title>
<meta http-equiv="Content-Type" content="text/html;charset=utf-8" />
  <meta name='ocr-system' content='tesseract 3.04.00' />
  <meta name='ocr-capabilities' content='ocr_page ocr_carea ocr_par ocr_line ocrx_word'/>
</head>
<body>
  <div class='ocr_page' id='page_1' title='image "./exegeticaoperal13luthgoog_0420.png"; bbox 0 0 2575 4225; ppageno 0'>
   <div class='ocr_carea' id='block_1_1' title="bbox 444 273 1082 355">
    <p class='ocr_par' dir='ltr' id='par_1_1' title="bbox 444 273 1082 355">
     <span class='ocr_line' id='line_1_1' title="bbox 444 273 1082 355; baseline 0.005 -20"><span class='ocrx_word' id='word_1_1' title='bbox 444 273 571 337; x_wconf 86' lang='lat' dir='ltr'><strong>Hoseae</strong></span> <span class='ocrx_word' id='word_1_2' title='bbox 593 274 778 355; x_wconf 86' lang='lat' dir='ltr'><strong>prophetae.</strong></span> <span class='ocrx_word' id='word_1_3' title='bbox 1016 274 1082 338; x_wconf 86' lang='grc'><strong>409</strong></span> 
     </span>
    </p>
   </div>
   <div class='ocr_carea' id='block_1_2' title="bbox 231 450 1084 531">
    <p class='ocr_par' dir='ltr' id='par_1_2' title="bbox 231 450 1084 531">
     <span class='ocr_line' id='line_1_2' title="bbox 231 450 1084 531; baseline 0.001 -18"><span class='ocrx_word' id='word_1_4' title='bbox 231 451 295 513; x_wconf 80' lang='lat' dir='ltr'><strong>Cur</strong></span> <span class='ocrx_word' id='word_1_5' title='bbox 332 456 440 514; x_wconf 89' lang='lat' dir='ltr'><strong>autem</strong></span> <span class='ocrx_word' id='word_1_6' title='bbox 474 452 566 515; x_wconf 90' lang='lat' dir='ltr'><strong>iubet</strong></span> <span class='ocrx_word' id='word_1_7' title='bbox 598 450 751 513; x_wconf 87' lang='lat' dir='ltr'><strong>seminari</strong></span> <span class='ocrx_word' id='word_1_8' title='bbox 790 450 977 531; x_wconf 78' lang='lat' dir='ltr'><strong>iusticiam?</strong></span> <span class='ocrx_word' id='word_1_9' title='bbox 1029 450 1084 515; x_wconf 84' lang='lat' dir='ltr'><strong>An</strong></span> 
     </span>
    </p>
   </div>
   <div class='ocr_carea' id='block_1_3' title="bbox 17 539 1085 604">
    <p class='ocr_par' dir='ltr' id='par_1_3' title="bbox 17 539 1085 604">
     <span class='ocr_line' id='line_1_3' title="bbox 17 539 1085 604; baseline 0 -1"><span class='ocrx_word' id='word_1_10' title='bbox 17 585 19 594; x_wconf 81' lang='lat'>·</span> <span class='ocrx_word' id='word_1_11' title='bbox 140 561 208 603; x_wconf 90' lang='lat' dir='ltr'><strong>non</strong></span> <span class='ocrx_word' id='word_1_12' title='bbox 231 540 309 603; x_wconf 87' lang='lat' dir='ltr'><strong>satis</strong></span> <span class='ocrx_word' id='word_1_13' title='bbox 331 545 399 603; x_wconf 88' lang='lat' dir='ltr'><strong>erat</strong></span> <span class='ocrx_word' id='word_1_14' title='bbox 421 539 540 603; x_wconf 78' lang='lat' dir='ltr'><strong>dicero:</strong></span> <span class='ocrx_word' id='word_1_15' title='bbox 576 539 691 603; x_wconf 79' lang='lat' dir='ltr'><strong>Curate</strong></span> <span class='ocrx_word' id='word_1_16' title='bbox 713 545 751 604; x_wconf 91' lang='lat' dir='ltr'><strong>ut</strong></span> <span class='ocrx_word' id='word_1_17' title='bbox 773 540 844 603; x_wconf 89' lang='lat' dir='ltr'><strong>sitis</strong></span> <span class='ocrx_word' id='word_1_18' title='bbox 874 539 975 603; x_wconf 78' lang='lat' dir='ltr'><strong>iusti?</strong></span> <span class='ocrx_word' id='word_1_19' title='bbox 1021 540 1085 603; x_wconf 83' lang='lat' dir='ltr'><strong>Sed</strong></span> 
     </span>
    </p>
   </div>
   <div class='ocr_carea' id='block_1_4' title="bbox 141 624 1084 711">
    <p class='ocr_par' dir='ltr' id='par_1_4' title="bbox 141 624 1084 711">
     <span class='ocr_line' id='line_1_4' title="bbox 141 624 1084 711; baseline 0.001 -21"><span class='ocrx_word' id='word_1_20' title='bbox 141 629 299 711; x_wconf 86' lang='lat' dir='ltr'><strong>propheta</strong></span> <span class='ocrx_word' id='word_1_21' title='bbox 320 629 375 691; x_wconf 87' lang='lat' dir='ltr'><strong>hie</strong></span> <span class='ocrx_word' id='word_1_22' title='bbox 391 628 508 692; x_wconf 88' lang='lat' dir='ltr'><strong>diserte</strong></span> <span class='ocrx_word' id='word_1_23' title='bbox 530 629 712 693; x_wconf 82' lang='lat' dir='ltr'>doctrinam</span> <span class='ocrx_word' id='word_1_24' title='bbox 727 624 961 710; x_wconf 84' lang='lat' dir='ltr'><strong>reprehendit.1</strong></span> <span class='ocrx_word' id='word_1_25' title='bbox 999 628 1084 691; x_wconf 91' lang='lat' dir='ltr'><strong>Nam</strong></span> 
     </span>
    </p>
   </div>
   <div class='ocr_carea' id='block_1_5' title="bbox 13 718 1084 888">
    <p class='ocr_par' dir='ltr' id='par_1_5' title="bbox 13 718 1084 888">
     <span class='ocr_line' id='line_1_5' title="bbox 141 718 1082 799; baseline -0.001 -17.12"><span class='ocrx_word' id='word_1_26' title='bbox 141 738 253 781; x_wconf 86' lang='lat' dir='ltr'><strong>semen</strong></span> <span class='ocrx_word' id='word_1_27' title='bbox 275 718 421 781; x_wconf 79' lang='lat' dir='ltr'><strong>iusticias</strong></span> <span class='ocrx_word' id='word_1_28' title='bbox 437 718 517 798; x_wconf 91' lang='lat' dir='ltr'><strong>quid</strong></span> <span class='ocrx_word' id='word_1_29' title='bbox 540 718 629 780; x_wconf 81' lang='lat' dir='ltr'><strong>aliud</strong></span> <span class='ocrx_word' id='word_1_30' title='bbox 645 722 694 781; x_wconf 86' lang='lat' dir='ltr'><strong>est</strong></span> <span class='ocrx_word' id='word_1_31' title='bbox 709 738 809 799; x_wconf 88' lang='lat' dir='ltr'><strong>quam</strong></span> <span class='ocrx_word' id='word_1_32' title='bbox 832 738 911 781; x_wconf 85' lang='lat' dir='ltr'><strong>sana</strong></span> <span class='ocrx_word' id='word_1_33' title='bbox 927 718 1082 795; x_wconf 84' lang='lat' dir='ltr'><strong>doctrina,</strong></span> 
     </span>
     <span class='ocr_line' id='line_1_6' title="bbox 13 801 1084 888; baseline -0.001 -18"><span class='ocrx_word' id='word_1_34' title='bbox 13 801 14 848; x_wconf 69' lang='lat'>}</span> <span class='ocrx_word' id='word_1_35' title='bbox 142 826 225 887; x_wconf 87' lang='lat' dir='ltr'><strong>quae</strong></span> <span class='ocrx_word' id='word_1_36' title='bbox 260 807 412 887; x_wconf 80' lang='lat' dir='ltr'><strong>proponit</strong></span> <span class='ocrx_word' id='word_1_37' title='bbox 447 807 545 869; x_wconf 91' lang='lat' dir='ltr'><strong>deum</strong></span> <span class='ocrx_word' id='word_1_38' title='bbox 579 807 761 888; x_wconf 80' lang='lat' dir='ltr'><strong>propicium</strong></span> <span class='ocrx_word' id='word_1_39' title='bbox 799 814 832 869; x_wconf 89' lang='lat' dir='ltr'><strong>et</strong></span> <span class='ocrx_word' id='word_1_40' title='bbox 865 808 1084 885; x_wconf 78' lang='lat' dir='ltr'><strong>ignoscentem</strong></span> 
     </span>
    </p>
   </div>
   <div class='ocr_carea' id='block_1_6' title="bbox 141 889 1087 1066">
    <p class='ocr_par' dir='ltr' id='par_1_6' title="bbox 141 889 1087 1066">
     <span class='ocr_line' id='line_1_7' title="bbox 142 889 1085 977; baseline -0.002 -18"><span class='ocrx_word' id='word_1_41' title='bbox 142 916 220 973; x_wconf 86' lang='lat' dir='ltr'><strong>esse,</strong></span> <span class='ocrx_word' id='word_1_42' title='bbox 245 895 407 975; x_wconf 81' lang='lat' dir='ltr'><strong>siquidem</strong></span> <span class='ocrx_word' id='word_1_43' title='bbox 429 895 579 977; x_wconf 79' lang='lat' dir='ltr'><strong>promisit</strong></span> <span class='ocrx_word' id='word_1_44' title='bbox 600 889 741 972; x_wconf 76' lang='lat' dir='ltr'><strong>semen‚²</strong></span> <span class='ocrx_word' id='word_1_45' title='bbox 769 896 857 975; x_wconf 90' lang='lat' dir='ltr'><strong>quod</strong></span> <span class='ocrx_word' id='word_1_46' title='bbox 877 895 1013 959; x_wconf 85' lang='lat' dir='ltr'><strong>Satanae</strong></span> <span class='ocrx_word' id='word_1_47' title='bbox 1037 916 1085 959; x_wconf 86' lang='lat' dir='ltr'><strong>ca·</strong></span> 
     </span>
     <span class='ocr_line' id='line_1_8' title="bbox 141 984 1087 1066; baseline 0 -19"><span class='ocrx_word' id='word_1_48' title='bbox 141 988 202 1066; x_wconf 88' lang='lat' dir='ltr'><strong>put</strong></span> <span class='ocrx_word' id='word_1_49' title='bbox 230 989 386 1061; x_wconf 86' lang='lat' dir='ltr'><strong>conterat,</strong></span> <span class='ocrx_word' id='word_1_50' title='bbox 425 991 458 1052; x_wconf 89' lang='lat' dir='ltr'><strong>et</strong></span> <span class='ocrx_word' id='word_1_51' title='bbox 485 1005 544 1047; x_wconf 90' lang='lat' dir='ltr'><strong>nos</strong></span> <span class='ocrx_word' id='word_1_52' title='bbox 575 984 616 1047; x_wconf 88' lang='lat' dir='ltr'><strong>ab</strong></span> <span class='ocrx_word' id='word_1_53' title='bbox 648 984 718 1047; x_wconf 86' lang='lat' dir='ltr'><strong>eius</strong></span> <span class='ocrx_word' id='word_1_54' title='bbox 749 984 920 1065; x_wconf 78' lang='lat' dir='ltr'><strong>tyrannide</strong></span> <span class='ocrx_word' id='word_1_55' title='bbox 947 985 1087 1048; x_wconf 75' lang='lat' dir='ltr'><strong>liberet?</strong></span> 
     </span>
    </p>
   </div>
   <div class='ocr_carea' id='block_1_7' title="bbox 19 1072 1086 1155">
    <p class='ocr_par' dir='ltr' id='par_1_7' title="bbox 19 1072 1086 1155">
     <span class='ocr_line' id='line_1_9' title="bbox 19 1072 1086 1155; baseline 0 -20"><span class='ocrx_word' id='word_1_56' title='bbox 19 1074 23 1079; x_wconf 81' lang='grc'><strong>’</strong></span> <span class='ocrx_word' id='word_1_57' title='bbox 141 1074 347 1155; x_wconf 79' lang='lat' dir='ltr'><strong>Impossibile</strong></span> <span class='ocrx_word' id='word_1_58' title='bbox 382 1074 469 1135; x_wconf 92' lang='lat' dir='ltr'><strong>enim</strong></span> <span class='ocrx_word' id='word_1_59' title='bbox 503 1078 553 1137; x_wconf 93' lang='lat' dir='ltr'><strong>est</strong></span> <span class='ocrx_word' id='word_1_60' title='bbox 575 1074 655 1136; x_wconf 80' lang='lat' dir='ltr'><strong>scire</strong></span> <span class='ocrx_word' id='word_1_61' title='bbox 689 1074 774 1137; x_wconf 83' lang='lat' dir='ltr'><strong>hane</strong></span> <span class='ocrx_word' id='word_1_62' title='bbox 808 1072 985 1149; x_wconf 86' lang='lat' dir='ltr'><strong>iusticiam,</strong></span> <span class='ocrx_word' id='word_1_63' title='bbox 1021 1072 1086 1136; x_wconf 91' lang='lat' dir='ltr'><strong>nisi</strong></span> 
     </span>
    </p>
   </div>
   <div class='ocr_carea' id='block_1_8' title="bbox 13 1161 1088 1423">
    <p class='ocr_par' dir='ltr' id='par_1_8' title="bbox 13 1161 1088 1423">
     <span class='ocr_line' id='line_1_10' title="bbox 13 1161 1086 1254; baseline -0.002 -29"><span class='ocrx_word' id='word_1_64' title='bbox 13 1237 15 1254; x_wconf 18' lang='lat' dir='ltr'>fr</span> <span class='ocrx_word' id='word_1_65' title='bbox 142 1162 329 1226; x_wconf 80' lang='lat' dir='ltr'><strong>ostendatur</strong></span> <span class='ocrx_word' id='word_1_66' title='bbox 343 1183 401 1243; x_wconf 87' lang='lat' dir='ltr'><strong>per</strong></span> <span class='ocrx_word' id='word_1_67' title='bbox 414 1164 560 1239; x_wconf 87' lang='lat' dir='ltr'><strong>verbum,</strong></span> <span class='ocrx_word' id='word_1_68' title='bbox 585 1162 669 1226; x_wconf 87' lang='lat' dir='ltr'><strong>sieut</strong></span> <span class='ocrx_word' id='word_1_69' title='bbox 682 1161 881 1245; x_wconf 88' lang='lat' dir='ltr'><strong>impossibile</strong></span> <span class='ocrx_word' id='word_1_70' title='bbox 905 1167 954 1224; x_wconf 88' lang='lat' dir='ltr'><strong>est</strong></span> <span class='ocrx_word' id='word_1_71' title='bbox 968 1166 1086 1225; x_wconf 86' lang='lat' dir='ltr'><strong>terram</strong></span> 
     </span>
     <span class='ocr_line' id='line_1_11' title="bbox 13 1250 1085 1342; baseline -0.001 -28"><span class='ocrx_word' id='word_1_72' title='bbox 13 1295 15 1342; x_wconf 63' lang='lat'>3</span> <span class='ocrx_word' id='word_1_73' title='bbox 141 1272 199 1333; x_wconf 87' lang='lat' dir='ltr'><strong>per</strong></span> <span class='ocrx_word' id='word_1_74' title='bbox 222 1272 255 1314; x_wconf 89' lang='lat' dir='ltr'><strong>se</strong></span> <span class='ocrx_word' id='word_1_75' title='bbox 286 1251 356 1314; x_wconf 89' lang='lat' dir='ltr'><strong>sine</strong></span> <span class='ocrx_word' id='word_1_76' title='bbox 378 1252 464 1315; x_wconf 90' lang='lat' dir='ltr'><strong>bono</strong></span> <span class='ocrx_word' id='word_1_77' title='bbox 495 1252 617 1315; x_wconf 88' lang='lat' dir='ltr'><strong>semine</strong></span> <span class='ocrx_word' id='word_1_78' title='bbox 648 1250 772 1331; x_wconf 89' lang='lat' dir='ltr'><strong>aliquid</strong></span> <span class='ocrx_word' id='word_1_79' title='bbox 795 1251 874 1315; x_wconf 90' lang='lat' dir='ltr'><strong>boni</strong></span> <span class='ocrx_word' id='word_1_80' title='bbox 901 1250 1085 1332; x_wconf 87' lang='lat' dir='ltr'><strong>producere.</strong></span> 
     </span>
     <span class='ocr_line' id='line_1_12' title="bbox 13 1339 1088 1423; baseline 0 -20"><span class='ocrx_word' id='word_1_81' title='bbox 13 1347 15 1378; x_wconf 54' lang='lat' dir='ltr'><strong>r</strong></span> <span class='ocrx_word' id='word_1_82' title='bbox 231 1340 327 1407; x_wconf 86' lang='lat' dir='ltr'><strong>Iubet</strong></span> <span class='ocrx_word' id='word_1_83' title='bbox 354 1339 454 1420; x_wconf 80' lang='lat' dir='ltr'><strong>igitur</strong></span> <span class='ocrx_word' id='word_1_84' title='bbox 475 1340 650 1423; x_wconf 89' lang='lat' dir='ltr'><strong>propheta,</strong></span> <span class='ocrx_word' id='word_1_85' title='bbox 679 1345 717 1403; x_wconf 88' lang='lat' dir='ltr'><strong>ut</strong></span> <span class='ocrx_word' id='word_1_86' title='bbox 738 1340 900 1403; x_wconf 82' lang='lat' dir='ltr'><strong>Israelitae</strong></span> <span class='ocrx_word' id='word_1_87' title='bbox 924 1346 998 1403; x_wconf 89' lang='lat' dir='ltr'><strong>ante</strong></span> <span class='ocrx_word' id='word_1_88' title='bbox 1022 1360 1088 1403; x_wconf 87' lang='lat' dir='ltr'><strong>om·</strong></span> 
     </span>
    </p>
   </div>
   <div class='ocr_carea' id='block_1_9' title="bbox 143 1428 1088 1511">
    <p class='ocr_par' dir='ltr' id='par_1_9' title="bbox 12 1391 1088 1511">
     <span class='ocr_line' id='line_1_13' title="bbox 143 1428 1088 1511; baseline 0.001 -20.878"><span class='ocrx_word' id='word_1_89' title='bbox 143 1429 198 1491; x_wconf 86' lang='lat' dir='ltr'><strong>nia</strong></span> <span class='ocrx_word' id='word_1_90' title='bbox 221 1429 392 1493; x_wconf 88' lang='lat' dir='ltr'><strong>attendant</strong></span> <span class='ocrx_word' id='word_1_91' title='bbox 412 1430 519 1506; x_wconf 84' lang='lat' dir='ltr'><strong>verbo,</strong></span> <span class='ocrx_word' id='word_1_92' title='bbox 545 1436 579 1492; x_wconf 92' lang='lat' dir='ltr'><strong>et</strong></span> <span class='ocrx_word' id='word_1_93' title='bbox 594 1429 730 1507; x_wconf 82' lang='lat' dir='ltr'><strong>discant,</strong></span> <span class='ocrx_word' id='word_1_94' title='bbox 755 1449 854 1511; x_wconf 89' lang='lat' dir='ltr'><strong>quam</strong></span> <span class='ocrx_word' id='word_1_95' title='bbox 876 1430 1011 1493; x_wconf 90' lang='lat' dir='ltr'><strong>verbum</strong></span> <span class='ocrx_word' id='word_1_96' title='bbox 1035 1428 1088 1491; x_wconf 80' lang='lat' dir='ltr'><strong>de-</strong></span> 
     </span>
    </p>
   </div>
   <div class='ocr_carea' id='block_1_10' title="bbox 113 1517 1171 2932">
    <p class='ocr_par' dir='ltr' id='par_1_10' title="bbox 113 1517 1171 2932">
     <span class='ocr_line' id='line_1_14' title="bbox 143 1517 1171 1598; baseline 0.002 -17"><span class='ocrx_word' id='word_1_97' title='bbox 143 1518 237 1581; x_wconf 88' lang='lat' dir='ltr'><strong>finiat</strong></span> <span class='ocrx_word' id='word_1_98' title='bbox 263 1538 332 1582; x_wconf 87' lang='lat' dir='ltr'><strong>esse</strong></span> <span class='ocrx_word' id='word_1_99' title='bbox 364 1539 472 1582; x_wconf 85' lang='lat' dir='ltr'><strong>veram</strong></span> <span class='ocrx_word' id='word_1_100' title='bbox 498 1519 671 1582; x_wconf 82' lang='lat' dir='ltr'><strong>iusticiam.</strong></span> <span class='ocrx_word' id='word_1_101' title='bbox 718 1518 802 1582; x_wconf 90' lang='lat' dir='ltr'><strong>Nam</strong></span> <span class='ocrx_word' id='word_1_102' title='bbox 831 1519 913 1583; x_wconf 89' lang='lat' dir='ltr'><strong>ratio</strong></span> <span class='ocrx_word' id='word_1_103' title='bbox 942 1538 1016 1581; x_wconf 89' lang='lat' dir='ltr'><strong>oum</strong></span> <span class='ocrx_word' id='word_1_104' title='bbox 1046 1517 1102 1590; x_wconf 81' lang='lat' dir='ltr'><strong>ad.</strong></span> <span class='ocrx_word' id='word_1_105' title='bbox 1169 1594 1171 1598; x_wconf 12' lang='lat' dir='ltr'>y</span> 
     </span>
     <span class='ocr_line' id='line_1_15' title="bbox 144 1606 1089 1690; baseline 0 -21"><span class='ocrx_word' id='word_1_106' title='bbox 144 1627 310 1670; x_wconf 89' lang='lat' dir='ltr'><strong>summum</strong></span> <span class='ocrx_word' id='word_1_107' title='bbox 326 1609 482 1690; x_wconf 86' lang='lat' dir='ltr'><strong>pervenit,</strong></span> <span class='ocrx_word' id='word_1_108' title='bbox 507 1608 621 1671; x_wconf 84' lang='lat' dir='ltr'><strong>statuit</strong></span> <span class='ocrx_word' id='word_1_109' title='bbox 641 1608 805 1671; x_wconf 82' lang='lat' dir='ltr'><strong>iusticiam</strong></span> <span class='ocrx_word' id='word_1_110' title='bbox 820 1628 899 1685; x_wconf 87' lang='lat' dir='ltr'><strong>esse,</strong></span> <span class='ocrx_word' id='word_1_111' title='bbox 924 1606 1089 1671; x_wconf 86' lang='lat' dir='ltr'><strong>diseedere</strong></span> 
     </span>
     <span class='ocr_line' id='line_1_16' title="bbox 144 1696 1089 1776; baseline 0.002 -19"><span class='ocrx_word' id='word_1_112' title='bbox 144 1716 164 1757; x_wconf 90' lang='lat' dir='ltr'><strong>a</strong></span> <span class='ocrx_word' id='word_1_113' title='bbox 190 1697 292 1772; x_wconf 89' lang='lat' dir='ltr'><strong>malo,</strong></span> <span class='ocrx_word' id='word_1_114' title='bbox 327 1703 360 1758; x_wconf 93' lang='lat' dir='ltr'><strong>et</strong></span> <span class='ocrx_word' id='word_1_115' title='bbox 387 1697 491 1759; x_wconf 86' lang='lat' dir='ltr'><strong>facere</strong></span> <span class='ocrx_word' id='word_1_116' title='bbox 519 1697 653 1759; x_wconf 90' lang='lat' dir='ltr'><strong>bonum.</strong></span> <span class='ocrx_word' id='word_1_117' title='bbox 706 1696 769 1758; x_wconf 85' lang='lat' dir='ltr'><strong>Sed</strong></span> <span class='ocrx_word' id='word_1_118' title='bbox 803 1697 876 1776; x_wconf 87' lang='lat' dir='ltr'><strong>quis</strong></span> <span class='ocrx_word' id='word_1_119' title='bbox 905 1716 972 1759; x_wconf 89' lang='lat' dir='ltr'><strong>non</strong></span> <span class='ocrx_word' id='word_1_120' title='bbox 1000 1696 1089 1759; x_wconf 89' lang='lat' dir='ltr'><strong>videt</strong></span> 
     </span>
     <span class='ocr_line' id='line_1_17' title="bbox 144 1785 1090 1863; baseline 0 -16"><span class='ocrx_word' id='word_1_121' title='bbox 144 1786 297 1863; x_wconf 88' lang='lat' dir='ltr'><strong>utrinque</strong></span> <span class='ocrx_word' id='word_1_122' title='bbox 325 1804 385 1847; x_wconf 92' lang='lat' dir='ltr'><strong>nos</strong></span> <span class='ocrx_word' id='word_1_123' title='bbox 407 1786 561 1847; x_wconf 78' lang='lat' dir='ltr'><strong>haerere?</strong></span> <span class='ocrx_word' id='word_1_124' title='bbox 605 1785 689 1846; x_wconf 89' lang='lat' dir='ltr'><strong>Nam</strong></span> <span class='ocrx_word' id='word_1_125' title='bbox 721 1804 837 1847; x_wconf 85' lang='lat' dir='ltr'><strong>exuere</strong></span> <span class='ocrx_word' id='word_1_126' title='bbox 864 1804 994 1847; x_wconf 85' lang='lat' dir='ltr'><strong>earnem</strong></span> <span class='ocrx_word' id='word_1_127' title='bbox 1022 1805 1090 1847; x_wconf 89' lang='lat' dir='ltr'><strong>non</strong></span> 
     </span>
     <span class='ocr_line' id='line_1_18' title="bbox 144 1873 1089 1955; baseline -0.001 -19"><span class='ocrx_word' id='word_1_128' title='bbox 144 1891 333 1955; x_wconf 87' lang='lat' dir='ltr'><strong>possumus,</strong></span> <span class='ocrx_word' id='word_1_129' title='bbox 369 1878 402 1935; x_wconf 90' lang='lat' dir='ltr'><strong>et</strong></span> <span class='ocrx_word' id='word_1_130' title='bbox 431 1874 604 1953; x_wconf 86' lang='lat' dir='ltr'><strong>requiritur</strong></span> <span class='ocrx_word' id='word_1_131' title='bbox 634 1878 672 1935; x_wconf 93' lang='lat' dir='ltr'><strong>ut</strong></span> <span class='ocrx_word' id='word_1_132' title='bbox 706 1873 796 1954; x_wconf 91' lang='lat' dir='ltr'><strong>prius</strong></span> <span class='ocrx_word' id='word_1_133' title='bbox 830 1879 866 1935; x_wconf 87' lang='lat' dir='ltr'><strong>tu</strong></span> <span class='ocrx_word' id='word_1_134' title='bbox 901 1874 945 1935; x_wconf 87' lang='lat' dir='ltr'><strong>sis</strong></span> <span class='ocrx_word' id='word_1_135' title='bbox 972 1874 1089 1951; x_wconf 85' lang='lat' dir='ltr'><strong>bonus,</strong></span> 
     </span>
     <span class='ocr_line' id='line_1_19' title="bbox 142 1960 1090 2047; baseline -0.001 -23"><span class='ocrx_word' id='word_1_136' title='bbox 142 1962 247 2041; x_wconf 81' lang='lat' dir='ltr'><strong>&#39;quam</strong></span> <span class='ocrx_word' id='word_1_137' title='bbox 270 1962 393 2041; x_wconf 88' lang='lat' dir='ltr'><strong>aliquid</strong></span> <span class='ocrx_word' id='word_1_138' title='bbox 407 1960 486 2025; x_wconf 88' lang='lat' dir='ltr'><strong>boni</strong></span> <span class='ocrx_word' id='word_1_139' title='bbox 509 1962 618 2024; x_wconf 85' lang='lat' dir='ltr'><strong>facias.</strong></span> <span class='ocrx_word' id='word_1_140' title='bbox 665 1962 862 2047; x_wconf 82' lang='lat' dir='ltr'><strong>Hypporitae</strong></span> <span class='ocrx_word' id='word_1_141' title='bbox 886 1966 995 2023; x_wconf 92' lang='lat' dir='ltr'><strong>autem</strong></span> <span class='ocrx_word' id='word_1_142' title='bbox 1014 1982 1090 2024; x_wconf 92' lang='lat' dir='ltr'><strong>neu-</strong></span> 
     </span>
     <span class='ocr_line' id='line_1_20' title="bbox 146 2050 1090 2131; baseline -0.001 -17"><span class='ocrx_word' id='word_1_143' title='bbox 146 2057 234 2114; x_wconf 88' lang='lat' dir='ltr'><strong>trum</strong></span> <span class='ocrx_word' id='word_1_144' title='bbox 249 2050 370 2128; x_wconf 80' lang='lat' dir='ltr'><strong>vident,</strong></span> <span class='ocrx_word' id='word_1_145' title='bbox 395 2056 428 2114; x_wconf 87' lang='lat' dir='ltr'><strong>et</strong></span> <span class='ocrx_word' id='word_1_146' title='bbox 442 2051 523 2115; x_wconf 84' lang='lat' dir='ltr'><strong>falso</strong></span> <span class='ocrx_word' id='word_1_147' title='bbox 539 2050 704 2114; x_wconf 88' lang='lat' dir='ltr'><strong>somniant</strong></span> <span class='ocrx_word' id='word_1_148' title='bbox 727 2071 760 2114; x_wconf 90' lang='lat' dir='ltr'><strong>se</strong></span> <span class='ocrx_word' id='word_1_149' title='bbox 780 2051 891 2128; x_wconf 85' lang='lat' dir='ltr'><strong>iustos,</strong></span> <span class='ocrx_word' id='word_1_150' title='bbox 916 2070 991 2113; x_wconf 85' lang='lat' dir='ltr'><strong>oum</strong></span> <span class='ocrx_word' id='word_1_151' title='bbox 1007 2070 1090 2131; x_wconf 90' lang='lat' dir='ltr'><strong>quae</strong></span> 
     </span>
     <span class='ocr_line' id='line_1_21' title="bbox 113 2140 1089 2311; baseline -0.007 -14"><span class='ocrx_word' id='word_1_152' title='bbox 113 2294 116 2297; x_wconf 81' lang='grc'><strong>,</strong></span> <span class='ocrx_word' id='word_1_153' title='bbox 146 2161 183 2202; x_wconf 76' lang='lat'><strong>¹¹¹</strong></span> <span class='ocrx_word' id='word_1_154' title='bbox 205 2140 920 2311; x_wconf 50' lang='lat' dir='ltr'><strong>tutgttssttffidttttudaa</strong></span> <span class='ocrx_word' id='word_1_155' title='bbox 939 2229 1089 2306; x_wconf 66' lang='grc'><strong>1111,</strong></span> 
     </span>
     <span class='ocr_line' id='line_1_22' title="bbox 148 2316 1093 2398; baseline 0 -18"><span class='ocrx_word' id='word_1_156' title='bbox 148 2337 187 2380; x_wconf 90' lang='lat' dir='ltr'><strong>ea</strong></span> <span class='ocrx_word' id='word_1_157' title='bbox 209 2325 274 2394; x_wconf 87' lang='lat' dir='ltr'><strong>est,</strong></span> <span class='ocrx_word' id='word_1_158' title='bbox 298 2319 395 2394; x_wconf 85' lang='lat' dir='ltr'><strong>seire,</strong></span> <span class='ocrx_word' id='word_1_159' title='bbox 425 2317 513 2398; x_wconf 92' lang='lat' dir='ltr'><strong>quod</strong></span> <span class='ocrx_word' id='word_1_160' title='bbox 536 2319 572 2380; x_wconf 91' lang='lat' dir='ltr'><strong>in</strong></span> <span class='ocrx_word' id='word_1_161' title='bbox 599 2322 631 2380; x_wconf 91' lang='lat' dir='ltr'><strong>te</strong></span> <span class='ocrx_word' id='word_1_162' title='bbox 655 2318 738 2380; x_wconf 89' lang='lat' dir='ltr'><strong>nihil</strong></span> <span class='ocrx_word' id='word_1_163' title='bbox 761 2316 804 2382; x_wconf 90' lang='lat' dir='ltr'><strong>sit</strong></span> <span class='ocrx_word' id='word_1_164' title='bbox 825 2318 918 2394; x_wconf 89' lang='lat' dir='ltr'><strong>boni,</strong></span> <span class='ocrx_word' id='word_1_165' title='bbox 949 2325 981 2380; x_wconf 90' lang='lat' dir='ltr'><strong>et</strong></span> <span class='ocrx_word' id='word_1_166' title='bbox 1003 2318 1093 2397; x_wconf 93' lang='lat' dir='ltr'><strong>quod</strong></span> 
     </span>
     <span class='ocr_line' id='line_1_23' title="bbox 149 2406 1093 2488; baseline -0.003 -18"><span class='ocrx_word' id='word_1_167' title='bbox 149 2408 283 2470; x_wconf 88' lang='lat' dir='ltr'><strong>seminis</strong></span> <span class='ocrx_word' id='word_1_168' title='bbox 306 2407 457 2488; x_wconf 84' lang='lat' dir='ltr'><strong>promissi</strong></span> <span class='ocrx_word' id='word_1_169' title='bbox 472 2407 566 2483; x_wconf 86' lang='lat' dir='ltr'><strong>olim,</strong></span> <span class='ocrx_word' id='word_1_170' title='bbox 594 2425 684 2468; x_wconf 86' lang='lat' dir='ltr'><strong>nune</strong></span> <span class='ocrx_word' id='word_1_171' title='bbox 707 2412 816 2468; x_wconf 89' lang='lat' dir='ltr'><strong>autem</strong></span> <span class='ocrx_word' id='word_1_172' title='bbox 839 2407 976 2468; x_wconf 83' lang='lat' dir='ltr'><strong>exhibiti</strong></span> <span class='ocrx_word' id='word_1_173' title='bbox 997 2406 1093 2468; x_wconf 86' lang='lat' dir='ltr'><strong>bene·</strong></span> 
     </span>
     <span class='ocr_line' id='line_1_24' title="bbox 149 2493 1096 2577; baseline 0.001 -20"><span class='ocrx_word' id='word_1_174' title='bbox 149 2497 222 2558; x_wconf 90' lang='lat' dir='ltr'><strong>ficio</strong></span> <span class='ocrx_word' id='word_1_175' title='bbox 245 2496 369 2558; x_wconf 83' lang='lat' dir='ltr'><strong>malum</strong></span> <span class='ocrx_word' id='word_1_176' title='bbox 392 2495 480 2577; x_wconf 94' lang='lat' dir='ltr'><strong>quod</strong></span> <span class='ocrx_word' id='word_1_177' title='bbox 502 2495 538 2556; x_wconf 90' lang='lat' dir='ltr'><strong>in</strong></span> <span class='ocrx_word' id='word_1_178' title='bbox 561 2499 602 2571; x_wconf 85' lang='lat' dir='ltr'><strong>te,</strong></span> <span class='ocrx_word' id='word_1_179' title='bbox 626 2496 860 2574; x_wconf 79' lang='lat' dir='ltr'><strong>incarnatus,</strong></span> <span class='ocrx_word' id='word_1_180' title='bbox 885 2495 920 2556; x_wconf 91' lang='lat' dir='ltr'><strong>in</strong></span> <span class='ocrx_word' id='word_1_181' title='bbox 943 2493 1037 2558; x_wconf 86' lang='lat' dir='ltr'><strong>eorde</strong></span> <span class='ocrx_word' id='word_1_182' title='bbox 1061 2501 1096 2558; x_wconf 90' lang='lat' dir='ltr'><strong>et</strong></span> 
     </span>
     <span class='ocr_line' id='line_1_25' title="bbox 151 2577 1093 2666; baseline -0.001 -19"><span class='ocrx_word' id='word_1_183' title='bbox 151 2583 267 2666; x_wconf 91' lang='lat' dir='ltr'><strong>spiritu</strong></span> <span class='ocrx_word' id='word_1_184' title='bbox 289 2589 346 2647; x_wconf 91' lang='lat' dir='ltr'><strong>tuo</strong></span> <span class='ocrx_word' id='word_1_185' title='bbox 361 2590 411 2647; x_wconf 89' lang='lat' dir='ltr'><strong>est</strong></span> <span class='ocrx_word' id='word_1_186' title='bbox 433 2591 465 2648; x_wconf 86' lang='lat' dir='ltr'><strong>et</strong></span> <span class='ocrx_word' id='word_1_187' title='bbox 486 2577 693 2666; x_wconf 72' lang='lat' dir='ltr'><strong>pertinaciter</strong></span> <span class='ocrx_word' id='word_1_188' title='bbox 707 2584 842 2661; x_wconf 88' lang='lat' dir='ltr'><strong>habitat,</strong></span> <span class='ocrx_word' id='word_1_189' title='bbox 867 2591 933 2647; x_wconf 83' lang='lat' dir='ltr'><strong>non</strong></span> <span class='ocrx_word' id='word_1_190' title='bbox 955 2585 1093 2665; x_wconf 85' lang='lat' dir='ltr'><strong>imputa-</strong></span> 
     </span>
     <span class='ocr_line' id='line_1_26' title="bbox 150 2672 1095 2755; baseline -0.002 -19"><span class='ocrx_word' id='word_1_191' title='bbox 150 2679 203 2736; x_wconf 87' lang='lat' dir='ltr'><strong>tur</strong></span> <span class='ocrx_word' id='word_1_192' title='bbox 226 2693 246 2735; x_wconf 86' lang='lat' dir='ltr'><strong>a</strong></span> <span class='ocrx_word' id='word_1_193' title='bbox 267 2673 471 2736; x_wconf 85' lang='lat' dir='ltr'><strong>misericorde</strong></span> <span class='ocrx_word' id='word_1_194' title='bbox 494 2678 585 2755; x_wconf 90' lang='lat' dir='ltr'><strong>patre</strong></span> <span class='ocrx_word' id='word_1_195' title='bbox 607 2672 644 2735; x_wconf 89' lang='lat' dir='ltr'><strong>in</strong></span> <span class='ocrx_word' id='word_1_196' title='bbox 667 2673 772 2750; x_wconf 70' lang='lat' dir='ltr'><strong>coelis,</strong></span> <span class='ocrx_word' id='word_1_197' title='bbox 796 2677 927 2755; x_wconf 86' lang='lat' dir='ltr'><strong>propter</strong></span> <span class='ocrx_word' id='word_1_198' title='bbox 949 2673 1095 2754; x_wconf 83' lang='lat' dir='ltr'><strong>unigeni-</strong></span> 
     </span>
     <span class='ocr_line' id='line_1_27' title="bbox 149 2762 1095 2844; baseline 0.001 -20"><span class='ocrx_word' id='word_1_199' title='bbox 149 2768 222 2825; x_wconf 90' lang='lat' dir='ltr'><strong>tum</strong></span> <span class='ocrx_word' id='word_1_200' title='bbox 246 2781 341 2824; x_wconf 92' lang='lat' dir='ltr'><strong>suum</strong></span> <span class='ocrx_word' id='word_1_201' title='bbox 356 2763 470 2839; x_wconf 80' lang='lat' dir='ltr'><strong>filium,</strong></span> <span class='ocrx_word' id='word_1_202' title='bbox 495 2763 552 2842; x_wconf 94' lang='lat' dir='ltr'><strong>qui</strong></span> <span class='ocrx_word' id='word_1_203' title='bbox 574 2768 684 2825; x_wconf 89' lang='lat' dir='ltr'><strong>nostra</strong></span> <span class='ocrx_word' id='word_1_204' title='bbox 698 2768 830 2844; x_wconf 82' lang='lat' dir='ltr'><strong>peecata</strong></span> <span class='ocrx_word' id='word_1_205' title='bbox 851 2763 887 2824; x_wconf 92' lang='lat' dir='ltr'><strong>in</strong></span> <span class='ocrx_word' id='word_1_206' title='bbox 908 2783 941 2825; x_wconf 90' lang='lat' dir='ltr'><strong>se</strong></span> <span class='ocrx_word' id='word_1_207' title='bbox 964 2762 1095 2843; x_wconf 84' lang='lat' dir='ltr'><strong>recepit,</strong></span> 
     </span>
     <span class='ocr_line' id='line_1_28' title="bbox 152 2851 515 2932; baseline 0 -20"><span class='ocrx_word' id='word_1_208' title='bbox 152 2858 184 2914; x_wconf 89' lang='lat' dir='ltr'><strong>et</strong></span> <span class='ocrx_word' id='word_1_209' title='bbox 206 2871 265 2932; x_wconf 90' lang='lat' dir='ltr'><strong>pro</strong></span> <span class='ocrx_word' id='word_1_210' title='bbox 287 2851 327 2912; x_wconf 90' lang='lat' dir='ltr'><strong>iis</strong></span> <span class='ocrx_word' id='word_1_211' title='bbox 350 2851 515 2914; x_wconf 84' lang='lat' dir='ltr'><strong>satisfecit.</strong></span> 
     </span>
    </p>
   </div>
   <div class='ocr_carea' id='block_1_11' title="bbox 241 2938 1191 3019">
    <p class='ocr_par' dir='ltr' id='par_1_11' title="bbox 241 2938 1191 3019">
     <span class='ocr_line' id='line_1_29' title="bbox 241 2938 1191 3019; baseline 0 -19"><span class='ocrx_word' id='word_1_212' title='bbox 241 2939 336 3000; x_wconf 88' lang='lat' dir='ltr'><strong>Hane</strong></span> <span class='ocrx_word' id='word_1_213' title='bbox 358 2939 535 3015; x_wconf 84' lang='lat' dir='ltr'><strong>iusticiam,</strong></span> <span class='ocrx_word' id='word_1_214' title='bbox 565 2939 673 3019; x_wconf 89' lang='lat' dir='ltr'><strong>inquit</strong></span> <span class='ocrx_word' id='word_1_215' title='bbox 695 2939 867 3019; x_wconf 87' lang='lat' dir='ltr'><strong>propheta,</strong></span> <span class='ocrx_word' id='word_1_216' title='bbox 899 2938 1027 3014; x_wconf 82' lang='lat' dir='ltr'><strong>docete,</strong></span> <span class='ocrx_word' id='word_1_217' title='bbox 1064 2944 1096 3001; x_wconf 92' lang='lat' dir='ltr'><strong>et</strong></span> <span class='ocrx_word' id='word_1_218' title='bbox 1189 3004 1191 3007; x_wconf 64' lang='grc'>,</span> 
     </span>
    </p>
   </div>
   <div class='ocr_carea' id='block_1_12' title="bbox 152 3026 1100 3642">
    <p class='ocr_par' dir='ltr' id='par_1_12' title="bbox 152 3026 1100 3642">
     <span class='ocr_line' id='line_1_30' title="bbox 153 3026 1098 3108; baseline -0.002 -18"><span class='ocrx_word' id='word_1_219' title='bbox 153 3027 281 3091; x_wconf 82' lang='lat' dir='ltr'><strong>abiicite</strong></span> <span class='ocrx_word' id='word_1_220' title='bbox 310 3027 445 3091; x_wconf 85' lang='lat' dir='ltr'><strong>usitatas</strong></span> <span class='ocrx_word' id='word_1_221' title='bbox 471 3027 653 3108; x_wconf 84' lang='lat' dir='ltr'><strong>opiniones,</strong></span> <span class='ocrx_word' id='word_1_222' title='bbox 692 3026 780 3107; x_wconf 91' lang='lat' dir='ltr'><strong>quod</strong></span> <span class='ocrx_word' id='word_1_223' title='bbox 810 3026 994 3090; x_wconf 87' lang='lat' dir='ltr'><strong>obedientia</strong></span> <span class='ocrx_word' id='word_1_224' title='bbox 1022 3046 1098 3107; x_wconf 85' lang='lat' dir='ltr'><strong>erga</strong></span> 
     </span>
     <span class='ocr_line' id='line_1_31' title="bbox 152 3114 1097 3197; baseline -0.001 -18"><span class='ocrx_word' id='word_1_225' title='bbox 152 3119 273 3197; x_wconf 81' lang='lat' dir='ltr'><strong>legem,</strong></span> <span class='ocrx_word' id='word_1_226' title='bbox 314 3117 477 3180; x_wconf 79' lang='lat' dir='ltr'><strong>sacrifieiis</strong></span> <span class='ocrx_word' id='word_1_227' title='bbox 518 3123 551 3178; x_wconf 88' lang='lat' dir='ltr'><strong>et</strong></span> <span class='ocrx_word' id='word_1_228' title='bbox 582 3117 678 3179; x_wconf 90' lang='lat' dir='ltr'><strong>bonis</strong></span> <span class='ocrx_word' id='word_1_229' title='bbox 715 3115 860 3178; x_wconf 87' lang='lat' dir='ltr'><strong>moribus</strong></span> <span class='ocrx_word' id='word_1_230' title='bbox 894 3114 1097 3197; x_wconf 89' lang='lat' dir='ltr'><strong>impietatem</strong></span> 
     </span>
     <span class='ocr_line' id='line_1_32' title="bbox 154 3203 1096 3287; baseline -0.003 -18"><span class='ocrx_word' id='word_1_231' title='bbox 154 3212 293 3269; x_wconf 88' lang='lat' dir='ltr'><strong>vestram</strong></span> <span class='ocrx_word' id='word_1_232' title='bbox 316 3225 429 3269; x_wconf 87' lang='lat' dir='ltr'><strong>sanare</strong></span> <span class='ocrx_word' id='word_1_233' title='bbox 457 3205 597 3287; x_wconf 87' lang='lat' dir='ltr'><strong>possitis.</strong></span> <span class='ocrx_word' id='word_1_234' title='bbox 643 3203 750 3268; x_wconf 89' lang='lat' dir='ltr'><strong>Maius</strong></span> <span class='ocrx_word' id='word_1_235' title='bbox 777 3205 901 3266; x_wconf 81' lang='lat' dir='ltr'><strong>maium</strong></span> <span class='ocrx_word' id='word_1_236' title='bbox 927 3209 1096 3286; x_wconf 82' lang='lat' dir='ltr'><strong>peecatum</strong></span> 
     </span>
     <span class='ocr_line' id='line_1_33' title="bbox 155 3293 1098 3374; baseline -0.002 -18"><span class='ocrx_word' id='word_1_237' title='bbox 155 3302 216 3372; x_wconf 86' lang='lat' dir='ltr'><strong>est,</strong></span> <span class='ocrx_word' id='word_1_238' title='bbox 250 3313 349 3374; x_wconf 91' lang='lat' dir='ltr'><strong>quam</strong></span> <span class='ocrx_word' id='word_1_239' title='bbox 372 3295 483 3358; x_wconf 89' lang='lat' dir='ltr'><strong>uthis</strong></span> <span class='ocrx_word' id='word_1_240' title='bbox 505 3293 685 3358; x_wconf 86' lang='lat' dir='ltr'><strong>rationibus</strong></span> <span class='ocrx_word' id='word_1_241' title='bbox 713 3293 816 3374; x_wconf 86' lang='lat' dir='ltr'><strong>possit</strong></span> <span class='ocrx_word' id='word_1_242' title='bbox 844 3294 960 3356; x_wconf 88' lang='lat' dir='ltr'><strong>sanari.</strong></span> <span class='ocrx_word' id='word_1_243' title='bbox 1007 3293 1098 3374; x_wconf 89' lang='lat' dir='ltr'><strong>Opus</strong></span> 
     </span>
     <span class='ocr_line' id='line_1_34' title="bbox 156 3380 1097 3462; baseline -0.004 -16"><span class='ocrx_word' id='word_1_244' title='bbox 156 3390 204 3448; x_wconf 85' lang='lat' dir='ltr'><strong>est</strong></span> <span class='ocrx_word' id='word_1_245' title='bbox 226 3383 358 3447; x_wconf 80' lang='lat' dir='ltr'><strong>victima</strong></span> <span class='ocrx_word' id='word_1_246' title='bbox 379 3384 447 3447; x_wconf 87' lang='lat' dir='ltr'><strong>filio</strong></span> <span class='ocrx_word' id='word_1_247' title='bbox 469 3383 538 3460; x_wconf 91' lang='lat' dir='ltr'><strong>dei,</strong></span> <span class='ocrx_word' id='word_1_248' title='bbox 561 3383 650 3445; x_wconf 88' lang='lat' dir='ltr'><strong>huno</strong></span> <span class='ocrx_word' id='word_1_249' title='bbox 673 3382 765 3445; x_wconf 80' lang='lat' dir='ltr'><strong>colite</strong></span> <span class='ocrx_word' id='word_1_250' title='bbox 788 3382 882 3444; x_wconf 88' lang='lat' dir='ltr'><strong>firma</strong></span> <span class='ocrx_word' id='word_1_251' title='bbox 904 3381 980 3462; x_wconf 86' lang='lat' dir='ltr'><strong>fide,</strong></span> <span class='ocrx_word' id='word_1_252' title='bbox 1010 3380 1097 3462; x_wconf 89' lang='lat' dir='ltr'><strong>quod</strong></span> 
     </span>
     <span class='ocr_line' id='line_1_35' title="bbox 156 3469 1099 3554; baseline -0.003 -20"><span class='ocrx_word' id='word_1_253' title='bbox 156 3477 287 3553; x_wconf 86' lang='lat' dir='ltr'><strong>propter</strong></span> <span class='ocrx_word' id='word_1_254' title='bbox 317 3473 426 3554; x_wconf 91' lang='lat' dir='ltr'><strong>ipsum</strong></span> <span class='ocrx_word' id='word_1_255' title='bbox 455 3473 535 3535; x_wconf 89' lang='lat' dir='ltr'><strong>deus</strong></span> <span class='ocrx_word' id='word_1_256' title='bbox 569 3472 647 3535; x_wconf 87' lang='lat' dir='ltr'><strong>velit</strong></span> <span class='ocrx_word' id='word_1_257' title='bbox 676 3471 767 3534; x_wconf 92' lang='lat' dir='ltr'><strong>vobis</strong></span> <span class='ocrx_word' id='word_1_258' title='bbox 796 3469 969 3550; x_wconf 83' lang='lat' dir='ltr'><strong>ignoscere.</strong></span> <span class='ocrx_word' id='word_1_259' title='bbox 1025 3470 1099 3532; x_wconf 83' lang='lat' dir='ltr'><strong>Hae</strong></span> 
     </span>
     <span class='ocr_line' id='line_1_36' title="bbox 157 3559 1100 3642; baseline 0 -20"><span class='ocrx_word' id='word_1_260' title='bbox 157 3561 220 3623; x_wconf 91' lang='lat' dir='ltr'><strong>fide</strong></span> <span class='ocrx_word' id='word_1_261' title='bbox 253 3581 326 3624; x_wconf 89' lang='lat' dir='ltr'><strong>vere</strong></span> <span class='ocrx_word' id='word_1_262' title='bbox 361 3560 618 3642; x_wconf 82' lang='lat' dir='ltr'><strong>purificabuntur</strong></span> <span class='ocrx_word' id='word_1_263' title='bbox 645 3559 756 3636; x_wconf 86' lang='lat' dir='ltr'><strong>eorda,</strong></span> <span class='ocrx_word' id='word_1_264' title='bbox 794 3578 872 3621; x_wconf 88' lang='lat' dir='ltr'><strong>nam</strong></span> <span class='ocrx_word' id='word_1_265' title='bbox 902 3564 934 3622; x_wconf 91' lang='lat' dir='ltr'><strong>et</strong></span> <span class='ocrx_word' id='word_1_266' title='bbox 966 3564 1100 3641; x_wconf 84' lang='lat' dir='ltr'><strong>peecata</strong></span> 
     </span>
    </p>
   </div>
   <div class='ocr_carea' id='block_1_13' title="bbox 246 3749 982 3821">
    <p class='ocr_par' dir='ltr' id='par_1_13' title="bbox 246 3749 982 3821">
     <span class='ocr_line' id='line_1_37' title="bbox 246 3749 982 3821; baseline 0 -17"><span class='ocrx_word' id='word_1_267' title='bbox 246 3753 274 3821; x_wconf 93' lang='lat'><strong>1)</strong></span> <span class='ocrx_word' id='word_1_268' title='bbox 294 3754 398 3808; x_wconf 85' lang='lat' dir='ltr'><strong>Semen</strong></span> <span class='ocrx_word' id='word_1_269' title='bbox 413 3753 553 3808; x_wconf 79' lang='lat' dir='ltr'><strong>iusticias.</strong></span> <span class='ocrx_word' id='word_1_270' title='bbox 589 3752 618 3821; x_wconf 79' lang='lat'><strong>2)</strong></span> <span class='ocrx_word' id='word_1_271' title='bbox 637 3753 725 3807; x_wconf 85' lang='lat' dir='ltr'><strong>Gene.</strong></span> <span class='ocrx_word' id='word_1_272' title='bbox 744 3751 769 3805; x_wconf 91' lang='lat'><strong>3.</strong></span> <span class='ocrx_word' id='word_1_273' title='bbox 806 3749 835 3820; x_wconf 84' lang='lat'><strong>3)</strong></span> <span class='ocrx_word' id='word_1_274' title='bbox 854 3750 982 3806; x_wconf 86' lang='lat' dir='ltr'><strong>Iustieia.</strong></span> 
     </span>
    </p>
   </div>
   <div class='ocr_carea' id='block_1_14' title="bbox 0 0 1314 4225">
    <p class='ocr_par' dir='ltr' id='par_1_14' title="bbox 0 0 1314 4225">
     <span class='ocr_line' id='line_1_38' title="bbox 0 0 1314 4225; baseline 0 0"><span class='ocrx_word' id='word_1_275' title='bbox 0 0 1314 4225; x_wconf 95' lang='lat' dir='ltr'><strong> </strong></span> 
     </span>
    </p>
   </div>
  </div>
 </body>
</html>
