2575 4225
425 282 525 343 Ozeae
548 282 733 364 prophetae.
1005 279 1047 345 77

9 426 11 509 i
113 461 147 521 in
169 452 440 544 deupeonmniol:
464 458 626 521 Iudicium
650 459 754 522 facere
776 479 851 522 cum
874 458 1049 538 diligentia.

9 534 10 573 ³
112 550 195 613 Item
218 547 363 611 officium
385 548 517 627 regendi
546 552 579 610 et
609 547 857 611 administrandi
883 548 1050 612 iudicium.

112 639 151 700 In
173 656 223 720 ps.
252 639 280 699 1.
303 636 402 719 Impii
431 642 615 700 nonerunt
642 638 680 700 in
702 637 810 717 aliquo
832 636 955 714 officio,
986 658 1053 700 non

9 786 10 789 ,
113 732 207 789 crunt
237 745 327 807 reges
354 732 387 789 et
416 725 679 789 administrantes
709 732 768 789 etc.
822 726 906 789 Item
936 725 1055 790 dicitur

112 815 259 878 executio
292 814 404 877 iudicii
432 821 491 877 eto.
537 815 588 877 vel
610 816 698 877 iuris.
745 815 865 878 idest:
890 815 1053 877 benefimm
1093 814 1106 837 ⁶

112 904 210 967 debes
242 923 311 966 esse
340 909 372 965 et
394 903 505 967 omnia
532 909 589 966 tua
617 904 704 966 bona
734 903 920 966 communia
949 904 1053 966 facere

112 992 278 1067 omnibus,
313 992 392 1055 item
427 991 467 1054 de
498 993 587 1054 nullo
616 993 700 1055 male
730 993 865 1068 sentire,
900 992 1054 1055 damnare

111 1080 738 1163 damnandeetprobareprobandaetc.
763 1078 1055 1159 Ibemnetbltettetbt

112 1170 206 1251 bunun
227 1169 366 1235 inmutat.
410 1170 484 1233 Non
513 1189 595 1251 opus
625 1175 675 1232 est
704 1176 742 1232 ut
771 1171 877 1232 oleum
907 1169 990 1232 feras
1019 1170 1055 1233 in

113 1260 296 1341 Egyptum:
322 1258 378 1321 sed
401 1258 465 1322 fide
488 1260 523 1319 in
546 1278 621 1321 eum
644 1264 704 1321 ete.

455 1418 609 1481 Chauaan
632 1413 711 1483 etc.¹

113 1528 158 1591 sic
185 1526 336 1609 proprius
363 1516 529 1588 mercator
560 1520 747 1611 hebra[ice]:
778 1522 823 1590 ein
850 1524 994 1607 [wilmun
1021 1525 1057 1588 in

9 1650 14 1697 t
113 1614 327 1697 proverlbiielz
359 1608 497 1699 ca[pie].
533 1613 685 1695 rdltimol:
715 1614 897 1690 chananeo,
932 1613 967 1676 id
990 1622 1054 1678 est:

113 1704 293 1767 mercatori.
340 1703 390 1764 Tu
412 1723 446 1765 es
466 1703 550 1765 siout
564 1709 722 1766 mercator
736 1710 795 1766 etc.
842 1702 895 1765 Sic
909 1723 968 1782 ego
983 1724 1055 1768 con-

114 1800 211 1856 struo.
260 1793 310 1854 Tu
332 1811 406 1855 vero
428 1798 584 1854 mercator
606 1812 656 1867 es,
687 1793 722 1854 in
752 1792 844 1854 cuius
871 1811 973 1853 manu
995 1799 1054 1855 ste·

114 1884 206 1945 thera
220 1881 333 1944 dolosa
359 1874 426 1943 ‘est
441 1885 474 1942 et
489 1881 685 1943 calumniam
704 1881 756 1943 vel
770 1880 923 1943 iniuriam
938 1880 1054 1960 diligis,

119 1965 174 2034 ²³ut
196 1968 376 2033 similitudo
400 1970 451 2036 sit.
499 1990 565 2032 non
591 1963 649 2031 4ut
672 1970 828 2049 Ephraim
851 1969 958 2043 fucrit,
983 1970 1055 2031 talis

115 2065 281 2124 mercator.
327 2059 411 2121 Nam
437 2059 580 2139 loquitur
602 2057 642 2120 de
665 2057 738 2120 fide.
785 2057 880 2120 Unde
907 2056 948 2120 de
975 2057 1057 2121 salsa

115 2149 264 2214 doctrina
285 2147 427 2227 intellige
451 2168 534 2227 quae
557 2147 680 2228 decipit
702 2152 734 2208 et
756 2147 1001 2228 perditssimus
1024 2154 1057 2210 ct

116 2239 232 2302 avertit
260 2259 280 2300 a
308 2237 377 2299 dec.
423 2238 569 2299 Verbum
590 2235 767 2298 hebraeum
798 2256 885 2298 nunc
914 2236 1056 2299 dolorem

116 2347 203 2390 nunc
226 2327 379 2393 virtutem
408 2326 568 2405 signifieat
597 2331 630 2386 et
656 2325 881 2388 fortitudinem
909 2326 992 2388 siout
1021 2327 1057 2388 in

115 2415 341 2478 benedictione
364 2415 459 2477 Iacob
484 2414 525 2475 ad
548 2415 672 2476 Ruben.
720 2413 814 2476 Unde
843 2434 909 2475 non
932 2421 981 2476 est
1002 2415 1056 2476 hic

116 2505 251 2567 idolum.
276 2503 436 2582 significat
458 2503 505 2567 nol
516 2502 578 2584 uulf
600 2503 636 2563 in
651 2503 813 2564 frumento
828 2502 903 2563 vino
918 2502 979 2564 deo
995 2507 1055 2565 eto.

46 2641 48 2646 .
116 2593 257 2667 Quando
271 2612 346 2655 vero
362 2592 421 2654 deo
437 2592 613 2666 servierint,
630 2598 722 2653 erant
736 2609 904 2672 pauperes,
928 2590 1055 2666 abiecti,

119 2683 175 2744 sed
199 2682 229 2744 si
252 2681 287 2742 in
309 2681 475 2761 impietate
499 2685 602 2756 erant,
627 2678 744 2742 divites
767 2679 874 2742 effecti
897 2686 987 2755 sunt,
1013 2680 1059 2743 sic

12 2831 14 2842 ,
116 2769 216 2834 hodie
239 2789 315 2832 cum
338 2768 570 2832 Sacerdotibus.

206 2858 315 2939 Impia
357 2858 503 2921 doctrina
545 2857 627 2920 ditat
671 2863 740 2920 tam
777 2857 922 2920 doctores
959 2877 1059 2937 quam

12 2955 16 3012 ξ’
117 2949 286 3030 populum,
309 2947 371 3009 hoc
394 2946 492 3009 Satan
514 2946 589 3025 agit,
614 2946 762 3025 quamvis
783 2953 816 3008 et
837 2946 917 3009 deus
937 2948 1057 3008 subtra-

13 3063 17 3112 l
117 3037 168 3099 hit
190 3035 365 3116 aliquando
387 3035 519 3110 victum,
544 3040 602 3111 est,
626 3040 665 3097 ut
686 3033 785 3095 fidem
803 3034 983 3096 corroboret
998 3039 1057 3096 etc.

13 3121 15 3170 ἕ
118 3124 176 3188 sed
198 3125 254 3186 isti
277 3124 393 3186 nolunt
416 3143 560 3204 sperare,
592 3122 705 3185 volunt
734 3118 821 3203 gerulfi
851 3120 921 3201 lein,
952 3123 1059 3204 qumtql

117 3213 217 3294 bobert,

386 3338 421 3399 in
444 3336 558 3399 diebus
581 3328 796 3398 festivitatis.⁵

209 3445 312 3506 Erant
339 3444 420 3506 haec
447 3444 530 3505 festa
557 3442 707 3507 instituta
737 3441 779 3505 ed
807 3440 1060 3524 praedicandum

178 3533 320 3615 populus
347 3531 472 3595 audiret
500 3533 614 3611 legem.
663 3531 705 3593 ad
735 3531 910 3594 adventum
941 3529 1060 3592 christi

211 3706 238 3830 ἒ)
252 3707 313 3843 rb}
344 3706 516 3830 2)91nsupor:
527 3705 606 3758 salsa.
625 3703 655 3770 3)
668 3704 774 3773 Incipit
786 3705 833 3759 fol.
848 3703 907 3758 130.
915 3704 947 3757 B.
963 3704 1059 3758 Mser.

165 3796 192 3834 v.
232 3820 239 3846 ,
321 3795 347 3831 v.
386 3818 391 3829 .
781 3805 788 3812 —
