2575 4225
5 3398 24 3414 1¹.

5 3416 53 3698 ἓ

44 3653 56 3670 Ἰ

189 261 255 327 296
526 260 632 342 Caput
654 268 808 343 quartum

187 438 345 504 discessit.
391 436 484 501 Haec
506 439 677 503 fornicatio
699 437 930 502 nocentissima
951 445 1016 515 est,
1044 446 1077 503 et
1097 448 1140 504 ut

188 530 348 613 propheta
361 528 451 602 dicit,
474 529 581 591 aufert
595 548 658 591 cor.
697 528 866 591 Amittitur
881 526 969 590 enim
991 530 1141 607 verbum,

188 617 349 681 amittitur
362 616 484 680 noticia
505 616 568 679 dei.
613 618 680 680 Nec
701 617 737 679 id
759 618 865 679 solum
887 617 945 679 sed
959 618 1143 698 implentur

191 706 294 769 animi
316 705 391 778 odio
413 705 467 768 dei
489 711 522 767 et
536 706 635 781 verbi,
660 711 694 769 et
716 726 813 769 omne
835 706 982 769 studium
1004 706 1143 787 ponitur

190 795 227 857 in
254 793 422 857 idolatriae
452 793 685 857 defensionem.
728 794 819 868 Quae
853 800 963 858 antem
992 796 1138 873 consilia,

191 883 250 963 qui
271 889 405 946 eventus
435 883 521 945 hanc
547 884 750 965 impietatem
772 891 962 964 sequantur,
994 902 1061 947 non
1084 886 1141 947 ob·

190 990 322 1037 scurum
349 977 416 1048 est,
451 979 529 1035 nota
562 979 640 1035 sunt
669 973 824 1053 pericula,
860 974 896 1035 in
922 991 1005 1053 qnae
1033 975 1141 1055 turpis

191 1081 282 1124 amor
305 1060 441 1124 involvit
455 1061 614 1137 homines,
639 1068 717 1125 nota
732 1068 810 1125 sunt
824 1061 987 1126 ebrietatis
1007 1061 1160 1125 infinita.

189 1150 285 1212 mala.
331 1149 395 1212 Sed
417 1150 527 1213 omnia
541 1150 621 1213 haec
643 1156 775 1231 superat
798 1151 968 1231 fornicatio
989 1150 1139 1232 spiritua-

188 1239 244 1314 lis,
276 1258 376 1318 qnam
405 1243 438 1300 ct
459 1245 605 1302 extrema
634 1240 790 1321 pericula,
822 1246 856 1303 et
881 1245 985 1303 certus
1009 1239 1142 1303 animae

105 1413 113 1426 ι
192 1327 341 1390 interitus
365 1328 518 1408 sequitur.

286 1410 423 1478 ¹Oontra
475 1416 724 1483 fornicationem
770 1424 884 1481 extent
928 1418 1141 1497 gravissimae

192 1504 361 1567 conciones
388 1503 424 1565 in
452 1505 551 1568 Panlo
585 1512 618 1569 et
645 1505 831 1583 Salomone,
867 1526 904 1569 eo
931 1506 1139 1569 horribilium

191 1592 413 1673 exemplorum
455 1596 567 1657 omnes
600 1594 768 1672 historiae,
808 1602 880 1659 tum
923 1615 1032 1658 sacrae
1067 1602 1140 1659 tum

191 1684 346 1763 profanae
376 1682 531 1746 historiae
565 1685 681 1765 plenae
711 1690 803 1761 sunt,
842 1683 959 1765 quibus
995 1685 1142 1753 ostendit

192 1771 281 1847 deus,
305 1791 405 1851 quam
427 1771 574 1853 impense
597 1772 701 1835 oderit
722 1790 819 1853 vagas
841 1772 1002 1837 libidines.
1135 1818 1138 1823 -

285 1854 451 1923 ²1rbrietas
466 1881 595 1942 quoque
618 1862 731 1925 multis
745 1861 851 1925 modis
872 1860 1064 1924 detestanda
1079 1870 1140 1939 est,

192 1968 291 2029 quarn
320 1949 465 2013 Christus
492 1951 590 2013 etiam
616 1950 678 2012 hoo
705 1951 837 2013 nomine
869 1951 964 2014 nobis
991 1949 1140 2015 odiosam

192 2045 327 2101 conatur
348 2037 496 2116 reddere,
519 2038 616 2120 quod,
642 2039 727 2102 siout
747 2038 907 2122 propheta
924 2058 1053 2121 quoque
1076 2041 1142 2103 hoc

191 2130 227 2190 in
242 2127 313 2190 loco
328 2128 544 2205 concionatur,
569 2129 666 2192 corda
684 2136 804 2209 gravat.
851 2125 995 2205 Cavete*
1017 2130 1146 2210 inquit*

192 2235 233 2278 ne
257 2214 354 2277 corda
382 2222 488 2279 vestra
510 2216 682 2296 graventur
708 2218 849 2300 crapula.
895 2219 1024 2298 Duplex
1047 2219 1139 2280 enim

191 2304 245 2367 hio
272 2304 397 2366 malum
432 2303 546 2382 oritur,
587 2306 743 2370 mandato
771 2305 882 2370 divino
916 2307 1062 2386 cogimur
1095 2308 1139 2369 ad

191 2394 334 2457 laborem
358 2398 391 2456 et
405 2393 447 2455 ad
470 2399 594 2457 certum
616 2413 786 2476 operarum
813 2415 924 2476 genus.
955 2396 1061 2458 Labor
1085 2416 1142 2459 au—

191 2490 258 2547 tem
293 2482 428 2563 requirit
463 2482 657 2547 industriam
692 2492 725 2549 et
761 2484 1008 2548 solicitudinem.
1074 2484 1142 2547 Sed

191 2572 272 2633 haec
286 2571 377 2633 nulla
399 2590 468 2633 esse
482 2578 598 2653 potest,
621 2573 680 2635 ubi
695 2572 797 2635 animi
819 2573 895 2636 vino
911 2572 1034 2653 gravati
1049 2581 1140 2638 sunt.
1236 2649 1241 2653 ,

192 2659 321 2732 Quanto
344 2665 453 2721 autem
475 2679 577 2739 genus
599 2661 685 2727 vitae
708 2661 879 2726 sublimius
902 2668 965 2737 est,
989 2662 1026 2724 in
1048 2663 1141 2742 quod

193 2745 349 2809 divinitus
371 2752 403 2809 te
426 2747 616 2812 collocatum
638 2749 862 2827 vides,.tanto
885 2750 1072 2831 diligentius
1095 2751 1141 2822 ab

195 2834 348 2898 ebrietate
363 2834 543 2900 cavendum
559 2843 636 2915 erat,
661 2860 744 2919 quae
759 2839 842 2904 nihil
863 2846 948 2902 recte
963 2835 1032 2920 geri
1047 2839 1143 2926 sinit.

280 2925 428 2988 Alterum
449 2927 574 2989 malum
608 2933 666 3004 est,
691 2927 779 3008 quod
800 2927 902 2992 animi
921 2927 1045 3008 gravati
1059 2927 1141 2992 vino

195 3010 237 3077 ad
274 3015 410 3079 verbum
448 3021 481 3078 et
520 3016 699 3080 orationem
740 3017 870 3098 prorsus
906 3017 1010 3099 inepti
1050 3023 1139 3086 sunt.

192 3099 296 3182 igitur
323 3109 479 3183 tanquam
508 3102 623 3168 nudati
650 3105 812 3186 praesidio
846 3103 1050 3186 angelorum,
1080 3106 1141 3185 qui

193 3191 344 3254 timentes
375 3192 544 3256 dominum
572 3193 828 3272 circumvallant,
859 3199 1067 3276 exponuntur
1090 3199 1144 3280 ty7

192 3280 322 3343 rannidi
345 3277 496 3359 Satanae,
528 3287 560 3344 st
589 3288 627 3347 ut
650 3283 795 3346 Christus
819 3281 912 3360 dicit,
944 3283 1144 3364 priusquam,

195 3370 348 3446 sentiunt,
373 3368 553 3434 obruuntur
575 3370 734 3452 periculis.
780 3372 870 3436 Haeo
886 3377 969 3439 recte
993 3369 1139 3441 conside—

284 3562 311 3630 1)
329 3561 499 3617 Fornicatio.
536 3562 565 3630 2)
584 3561 726 3618 Ebrietas.

188 3668 272 3679 ...—

283 3733 309 3805 ⁸)
328 3737 364 3790 In
382 3753 469 3804 marg.
490 3739 553 3792 coll.
571 3739 638 3793 Ien:
666 3713 759 3794 burae
778 3740 844 3795 21.'
903 3737 932 3790 .’
997 3755 1004 3786 x
1062 3764 1064 3769 ·
