2575 4225
452 256 552 321 Quae
574 260 759 342 prophetae.
1034 262 1077 326 55

133 430 284 495 omnium
307 451 396 509 eum,
421 434 504 497 nihil
526 440 636 501 tamen
658 437 780 514 efficio,
805 439 862 503 ssd
886 438 1077 521 reputantur

135 521 167 583 ei
190 528 346 602 tanquam
369 521 508 587 alienae:
533 558 576 570 -

405 682 538 747 Hostias
561 684 697 750 offerent
719 681 798 751 etc¹

224 787 309 851 Vide
333 809 400 871 cap.
427 789 459 853 7.
489 792 600 855 Hiera:
631 826 674 839 -·-
706 789 758 876 [alt
780 791 850 875 arith
873 794 1001 877 anacteti
1021 795 1077 862 uit

133 875 362 960 euemuaffeta.
407 879 581 944 Adducant
603 882 686 945 mihi
708 882 871 958 sacrificia,
895 884 1076 948 sacrificent

132 985 247 1028 carnes
271 971 304 1028 et
326 967 507 1045 comedant,
531 970 588 1033 sed
611 991 677 1034 non
693 972 798 1053 placet
813 972 954 1036 domino.
1001 974 1074 1037 Non

133 1061 185 1118 est
206 1054 339 1118 domino
362 1058 533 1137 negocium
555 1078 631 1121 oum
654 1060 817 1124 sacrificiis
847 1061 904 1124 sed
925 1068 963 1124 ut
986 1062 1073 1125 audi·

132 1148 193 1207 ant
215 1163 327 1208 vocem
351 1146 420 1231 eius
444 1151 502 1209 etc.

401 1305 485 1379 Quia
507 1308 725 1371 recordabitur
747 1316 806 1374 eto.

224 1407 312 1489 quod
335 1410 378 1472 ad
400 1411 567 1493 Egyptum
590 1421 832 1493 convertuntur,
865 1418 986 1481 seilicet
1014 1440 1073 1501 pro

128 1497 271 1573 auxilio,
302 1498 518 1579 relinquentes
547 1503 645 1567 deum
673 1524 771 1568 suum
793 1512 827 1569 et
848 1507 1016 1571 confidunt
1037 1510 1073 1571 in

130 1585 265 1649 brachio
288 1589 453 1668 corporali.

263 1745 316 1809 Sic
339 1746 461 1812 Israhel
485 1750 684 1816 obliviscitur
706 1754 836 1819 factoris
859 1750 939 1819 sui.²

222 1853 274 1917 Sic
297 1875 355 1935 ego
378 1855 449 1937 lego
774 1862 778 1867 ’

453 2017 536 2079 Iuda
557 2023 668 2082 eutem
690 2026 749 2081 eto.
813 2081 815 2084 .

130 2123 180 2186 sic
202 2122 383 2208 legendum.
431 2125 504 2188 Non
527 2125 633 2188 Iudas.

524 2285 674 2348 Delubra.

128 2387 278 2472 linifllldye
300 2388 415 2471 herda,
447 2392 568 2475 templa
595 2397 654 2455 eto.
701 2392 748 2454 sio
769 2391 946 2456 hebraeum
968 2402 1069 2472 sonat,

130 2479 276 2559 egregias
300 2499 387 2542 arces
402 2479 574 2543 aedificant
597 2486 656 2544 etc.
702 2480 852 2544 nituntur
867 2481 933 2544 suis
949 2483 1072 2546 viribus

129 2575 217 2631 stare
240 2573 298 2631 etc.
335 2566 390 2630 sed
415 2587 474 2647 ego
496 2569 607 2631 tollam
630 2575 663 2632 et
685 2569 844 2650 templum
866 2575 899 2632 et
921 2590 984 2647 eos,
1009 2570 1071 2638 ebra

129 2654 187 2722 mit
209 2657 273 2722 tear
293 2655 412 2722 urban.
500 2653 501 2658 ’

460 2881 573 2968 eaput
594 2881 742 2951 Nonum.

222 3010 277 3077 ibo
292 3008 380 3090 baben
398 3009 451 3076 uir
467 3010 532 3077 aber
546 3010 592 3078 eia
603 3012 715 3090 antea
739 3017 862 3092 perstat
883 3012 919 3074 in
941 3015 1070 3076 commi-

129 3099 404 3163 natione-futurae
416 3101 619 3182 captivitatis.
643 3101 728 3164 Nota
740 3100 759 3163 5
771 3119 861 3180 roges
876 3100 996 3164 Selium
1008 3108 1067 3166 ete.

128 3188 193 3268 qui
219 3208 253 3252 se
279 3189 367 3270 ipsos
390 3189 620 3254 interfecerunt
640 3195 758 3252 mutuo
779 3195 839 3253 etc.
885 3189 1002 3254 Contra
1023 3209 1068 3255 se

4 3309 7 3332 ι
128 3277 303 3341 entitatem
324 3277 488 3343 invehitur
509 3278 676 3361 propheta,
700 3277 736 3341 in
758 3297 824 3358 qua
846 3279 975 3343 stabant
996 3299 1072 3343 cum

168 3372 267 3430 actum
301 3367 444 3430 fecerant
476 3385 551 3430 cum
585 3387 659 3448 rege
692 3367 898 3448 Assyriorum
931 3375 964 3431 et
997 3387 1073 3431 eum

167 3475 206 3536 ge
230 3455 352 3536 Egypti
375 3462 434 3520 etc.
480 3456 576 3518 Nulla
604 3476 684 3536 gens
710 3461 819 3519 mutat
843 3455 942 3518 deum
964 3456 1071 3532 suum,

168 3544 218 3607 ide
234 3550 268 3608 et
281 3545 392 3607 Hiero:
416 3544 480 3607 hoc
494 3550 527 3607 et
546 3545 582 3608 in
597 3545 752 3608 Romanis
767 3544 909 3608 historiis
923 3544 1070 3621 habetur,

223 3737 251 3804 1)
270 3755 297 3792 v.
318 3736 359 3790 13.
398 3737 426 3804 2)
446 3755 471 3793 v.
493 3736 535 3791 14.
