2575 4225
439 261 538 326 Ozene
561 259 746 344 prophetae.
1019 264 1059 325 21

271 431 467 516 ¹ssanur
489 436 595 520 ceput
615 436 767 505 tertium
789 433 909 505 Ozene.

210 544 418 626 Prophetiam
430 545 613 611 audivimus
624 546 666 609 ds
678 546 814 623 Christo,
831 565 890 628 per
899 546 1061 627 reliquum

114 634 241 697 librum
263 633 408 713 loquitur
430 642 541 699 contre
561 636 748 718 hypocritas
774 636 826 699 sui
853 637 1007 717 temporis
1030 642 1062 699 et

116 728 235 785 eontra
256 722 391 804 impios,
422 730 558 806 excepte
579 725 752 807 prophetia
772 724 808 787 in
831 725 852 787 4
875 725 994 806 cupite:
1017 759 1061 769 -

115 811 179 875 ubi
201 811 389 894 prophetias
412 812 594 877 futurorum
616 832 725 885 rerum
746 818 871 877 tractu.

464 972 613 1037 Etdixit
635 968 715 1037 ste.8

212 1077 348 1159 exponit
376 1078 462 1159 quod
492 1078 665 1160 praecedit.
720 1080 858 1161 figurate
884 1083 985 1147 oratio
1014 1091 1064 1147 est

118 1186 242 1246 usque:
278 1166 356 1246 quie
389 1167 458 1231 dies
491 1168 611 1235 multos
646 1174 706 1232 etc
758 1171 817 1234 ubi
850 1192 885 1235 se
918 1173 1060 1253 exponit.

118 1256 235 1336 Aliqui
257 1254 298 1318 de
320 1255 529 1337 Babylonica,
558 1257 613 1319 alii
641 1257 683 1321 de
706 1258 853 1323 Romane
877 1260 1064 1364 intelligunt

119 1344 319 1427 captivitate.
293 1345 414 1408 eDe
437 1346 493 1409 illa
514 1366 582 1408 non
605 1346 831 1429 intelligenda,
841 1356 961 1453 oprtet,
986 1351 1064 1432 quie

119 1454 190 1497 non
212 1394 356 1514 loquitur
379 1433 420 1497 de
442 1435 519 1498 filiis
540 1434 624 1499 Inde
645 1437 703 1517 qui
726 1438 849 1502 erent
839 1458 875 1502 m
894 1439 951 1503 ille
965 1441 1062 1521 cepti·

5 1556 7 1605 t
120 1524 232 1588 vitate.
279 1522 349 1603 ligo
371 1523 468 1587 docui
490 1524 737 1605 intelligendum
759 1525 800 1590 de
815 1527 1000 1612 captivitate
1023 1528 1064 1591 de

5 1606 7 1637 *
120 1630 190 1693 que
211 1610 338 1676 dixerat
360 1618 435 1675 ente
459 1612 547 1694 quod
570 1613 702 1680 abducti
725 1622 803 1679 sunt
824 1616 1012 1681 Israhelitae
1032 1623 1065 1681 et

5 1740 7 1793 ἱ
120 1720 294 1781 nunquam
316 1700 441 1765 reducti
462 1702 527 1765 nisi
542 1702 758 1784 spiritualiter.
804 1705 917 1769 Iudaei
932 1706 1065 1770 redituri

5 1802 7 1895 j
121 1796 202 1853 eunt
230 1789 272 1852 ed
300 1789 464 1853 Christum
493 1797 531 1854 ut
553 1792 673 1855 Paulus
701 1792 825 1857 indicet
855 1794 978 1859 sectum
1006 1814 1065 1876 per

121 1878 338 1959 Evangelium
361 1885 394 1942 et
416 1878 458 1942 ed
479 1881 564 1943 hanc
587 1883 781 1945 sententium
802 1882 955 1946 videntur
981 1883 1065 1946 mihi

121 1968 187 2031 ieta
209 1968 377 2050 pertinere.
424 1968 490 2032 Neo
517 1975 550 2032 te
578 1970 663 2032 male
689 1970 809 2034 hebeat
831 1971 968 2035 eandem
995 1992 1065 2035 rem

122 2056 223 2123 variis
250 2056 362 2138 figuris
389 2057 541 2136 indicari,
565 2059 728 2123 namhoc
751 2060 1064 2143 estpropheterum,

122 2145 401 2227 quemadmodum
416 2147 597 2212 Hieremias
619 2149 766 2212 cathenis
788 2156 821 2213 et
842 2150 958 2234 poculo
976 2147 1065 2214 idem

6 2269 8 2290 ·
123 2235 338 2316 significabat.
391 2236 466 2299 Huc
489 2236 650 2317 pertinere
671 2238 798 2302 videtur
820 2239 908 2321 quod
930 2239 1010 2303 dicit

531 2363 658 2475 Adhuc,

123 2501 161 2564 ie
184 2459 248 2566 est:
273 2501 391 2564 rurum
413 2521 522 2566 veram
543 2503 612 2566 ram
634 2503 813 2569 seueram
834 2505 865 2567 ιι
884 2504 985 2580 one,
1009 2501 1066 2566 see

123 2611 192 2654 non
216 2591 404 2654 concumbit
425 2609 500 2653 cum
523 2610 570 2654 ee.

6 2767 8 2810 r
545 2752 610 2814 Dili
634 2753 654 2830 ‘‚

125 2855 210 2938 reue
231 2853 287 2923 mr
307 2854 378 2938 nse.
424 2856 578 2938 Exponit.
611 2773 643 2832 g]

6 3043 8 3092 ῑ
405 3015 495 3080 Siout
516 3015 669 3081 dominus
691 3017 797 3098 diligit

6 3101 8 3204 ἶ
127 3127 296 3186 ettamen
319 3121 464 3186 adultere
486 3127 535 3186 est
558 3124 723 3188 confidens
746 3124 810 3187 diis
832 3123 955 3188 alienis.

533 3283 667 3348 Vinetie

162 3387 238 3452 isoio
261 3387 342 3469 quid
365 3351 562 3468 significent,
588 3394 697 3452 temen
719 3390 761 3452 nd
783 3390 898 3454 vinum
919 3390 1067 3454 attinent.

158 3483 210 3540 uto
232 3481 344 3539 temen
365 3477 422 3538 ills
444 3476 617 3558 significari
639 3499 723 3558 quee
746 3479 906 3559 expressis
931 3479 1002 3544 uvis
1025 3499 1068 3541 re-

163 3585 220 3646 pue
233 3571 313 3629 sunt
327 3569 360 3628 et
374 3566 587 3647 proficiuntur
601 3568 717 3648 porois.
759 3570 789 3629 A
804 3565 901 3632 derbe
916 3567 1071 3632 deficiunt

220 3739 249 3808 1)
267 3739 376 3809 Incipit
394 3739 441 3794 fol.
461 3740 522 3794 111.
541 3742 574 3794 A.
593 3740 689 3797 Msci.
725 3741 755 3811 2)
771 3759 798 3807 y.
818 3742 843 3796 1.
