2575 4225
445 271 572 335 Hoseae
594 270 779 353 prophetae.
1018 274 1081 337 243

142 454 364 531 perruptorem
386 467 443 511 seu
466 448 690 532 dissipatorem
712 456 821 527 vocat,
851 451 898 515 ita
920 470 979 515 nos
1006 472 1081 532 quo·

142 557 203 707 ‹11:11ss
202 556 394 690 tlprppsremus
415 537 518 619 ipsius
540 558 601 621 ope
624 545 657 602 et
680 538 802 605 auxilio
824 559 885 603 nos
913 545 983 603 tuto
1014 560 1081 622 per·

183 824 267 884 oque
288 802 343 867 hio
365 804 456 867 loeus
477 824 515 867 eo
531 804 629 867 etiam
644 805 776 868 nomine
791 805 886 869 nobis
901 804 998 868 debet
1013 824 1081 868 esse

207 892 452 956 commendatus
474 895 595 973 magis,
626 894 705 975 quia
727 894 883 970 ostendit,
914 894 1008 974 quale
1041 895 1083 956 sit

142 1002 285 1063 regnum·
311 982 443 1058 Christi,
478 1002 545 1044 non
579 983 741 1064 corporale
776 1003 833 1047 seu
866 983 1080 1058 mundanum,

141 1070 228 1151 quod
251 1078 358 1135 totum
380 1071 416 1133 in
437 1090 499 1136 usu
515 1077 548 1134 et
562 1072 753 1136 traetatione
769 1092 886 1147 rerum,
911 1090 993 1150 quae
1010 1091 1080 1133 oeu-

140 1161 178 1223 lis
202 1160 368 1242 expositae
391 1166 481 1237 sunt,
512 1167 562 1223 est
590 1156 777 1241 positum.¹⁸
814 1160 876 1223 Sed
905 1160 1080 1240 spirituale,

140 1249 174 1311 in
197 1269 264 1329 quo
287 1269 355 1311 non
380 1268 447 1326 res,
479 1250 536 1313 sed
566 1269 650 1330 spes,
682 1249 830 1326 dooebrr,
858 1249 942 1312 sicut
963 1249 1081 1312 Paulus

140 1338 236 1401 dieii:
273 1337 336 1420 Spe
363 1337 443 1402 salvi
472 1339 550 1401 faeti
579 1358 709 1415 sumus,
742 1358 815 1420 spes
843 1342 968 1415 autem,
998 1358 1081 1417 quae

140 1427 280 1504 videtur,
316 1447 382 1489 non
410 1433 458 1489 est
485 1447 579 1508 spes..
615 1427 680 1489 Cur
706 1428 795 1490 enim
824 1433 936 1509 speret
964 1427 1081 1507 aliquis

141 1516 228 1596 quod
250 1514 364 1581 videt?
390 1509 442 1577 2Si
465 1522 574 1578 autem
596 1516 685 1595 quod
700 1538 766 1580 non
781 1516 938 1593 videmus,
963 1516 998 1578 id
1014 1536 1081 1598 spe-

140 1625 259 1681 ramus,
284 1624 342 1686 per
359 1604 558 1685 pacientiam
581 1612 798 1686 expectamus.

230 1693 321 1757 Siout
342 1694 441 1773 igitur
462 1694 619 1775 propheta
645 1695 762 1757 vallem
783 1695 890 1757 thor
919 1713 994 1756 oum
1024 1714 1080 1773 spe

139 1782 318 1862 coniungit,
342 1781 482 1845 adeum
504 1783 639 1845 modum
662 1782 753 1846 vides
776 1782 930 1861 coniungi
949 1783 1082 1844 aPaulo

140 1872 335 1951 pacientiam
364 1890 440 1933 oum
468 1891 533 1951 spe.
585 1872 637 1934 Sic
663 1871 832 1935 Zacharias
861 1876 954 1934 vocat
988 1871 1081 1932 eoele-

141 1962 223 2023 siam
252 1960 354 2037 ,Asire
379 1960 569 2024 hathikvah‘
606 1980 653 2023 oa.
686 1956 736 2023 9.³
769 1961 826 2040 qui
859 1960 960 2023 vineti
995 1964 1080 2035 sunt,

141 2050 196 2114 sed
232 2070 308 2113 oum
342 2069 399 2130 spe
427 2049 635 2113 liberationis.
681 2050 766 2112 Nam
800 2048 888 2131 quod
922 2048 1082 2114 oredimus

140 2139 364 2202 remissionem
392 2144 597 2220 peecatorum
623 2159 682 2220 per
708 2139 889 2216 Christum,
920 2145 952 2201 et
979 2158 1081 2218 spera·

139 2248 213 2292 mus
238 2234 312 2309 post
333 2232 471 2291 mortem
492 2229 591 2291 huius
613 2227 754 2311 eorporis
777 2228 878 2292 vitam
908 2233 1080 2304 aeternam,

140 2317 201 2380 hoo
228 2337 327 2379 nemo
355 2316 457 2380 oeulis
487 2322 611 2394 cernet,
648 2337 708 2379 nee
741 2318 887 2398 palpabit
920 2317 1080 2379 manibus.

140 2406 211 2468 lmo
235 2405 434 2486 experientia
455 2411 489 2469 et
511 2425 623 2468 sensus
647 2406 809 2469 diversum
825 2406 972 2486 probant.
1009 2403 1081 2466 Sen-

140 2495 241 2557 timus
265 2495 353 2556 enim
376 2500 544 2575 peceatum
569 2494 756 2558 inhabitans
784 2495 819 2555 in
847 2494 941 2556 nobis
972 2511 1009 2555 ae
1039 2493 1081 2557 vi·

141 2603 236 2659 vens,
272 2589 305 2645 et
338 2584 458 2663 ubique
492 2589 706 2646 monumenta
733 2583 846 2645 mortis
873 2583 1083 2646 obversantur

142 2673 251 2734 animo
280 2677 377 2751 atque
403 2672 513 2734 oeulis.
559 2673 650 2734 Haeo
678 2677 754 2734 sunt
783 2672 928 2748 vincula,
964 2671 1083 2752 quibus

140 2780 255 2823 omnes
279 2760 400 2839 alligati
422 2767 578 2823 tenemur.
626 2761 711 2834 Quia
738 2767 846 2827 autem
862 2761 997 2824 verbum
1013 2780 1080 2840 pro·

141 2850 245 2912 mittit
266 2849 488 2912 remissionem
509 2856 715 2930 peecatorum
738 2855 771 2912 et
792 2850 893 2912 vitam
920 2855 1083 2912 aeternam

140 2959 199 3018 per
214 2938 379 3000 Christum
402 2958 459 3018 spe
481 2939 561 3001 haee
584 2937 766 3019 arripienda
790 2944 822 3000 et
839 2937 980 3000 tenenda
995 2942 1081 3012 sunt,
1136 2949 1139 2953 '

140 3026 229 3106 quod
253 3032 339 3089 certo
362 3017 456 3088 nobis
479 3047 536 3107 per
559 3027 723 3088 Christum
746 3019 944 3105 obtingant.4
993 3026 1083 3088 Haeo

141 3135 214 3196 spes
237 3136 306 3178 non
328 3110 507 3192 eohfundit,
532 3115 588 3178 sed
611 3115 722 3178 salvat.
769 3115 833 3188 eri
860 3119 968 3177 autem
998 3115 1083 3177 hano

140 3225 234 3285 spem
257 3225 324 3266 non
339 3205 470 3280 habent,
495 3211 571 3267 sunt
586 3204 670 3266 sieut
684 3205 802 3266 Paulus
819 3203 906 3282 dicit,
932 3203 1082 3266 omnibus

138 3292 330 3356 hominibus
351 3287 560 3358 miseriores.⁵

229 3381 352 3444 Christi
373 3382 471 3461 igitur
494 3401 638 3462 regnum,
663 3381 750 3462 quod
773 3383 930 3463 propheta
944 3381 998 3442 hio
1014 3401 1081 3460 pro-

231 3609 259 3676 1)
278 3609 410 3674 Regnum
429 3607 538 3663 Christi
556 3614 601 3663 est
619 3625 739 3675 regnum
759 3611 829 3678 spei,
849 3611 961 3676 eontra,
981 3595 1083 3661 mundi

179 3696 228 3747 ,rna
254 3679 342 3733 rebus
367 3684 507 3734 constant.
554 3680 583 3747 2)
609 3681 690 3734 Rom.
717 3681 741 3734 8.
788 3679 816 3748 3)
835 3681 927 3734 Locus
953 3680 1047 3733 Zach:
1057 3679 1081 3731 9.

187 3749 308 3805 Roman.
328 3749 353 3804 5.
390 3750 418 3820 5)
438 3751 462 3804 1.
483 3749 611 3806 Corinth.
631 3751 673 3806 15.

868 3840 922 3893 16·
