2575 4225
414 260 542 316 5121:
908 255 1118 336 Caput
1161 259 1466 334 quartum
1509 251 1834 314 decimum

414 440 550 496 avla
592 439 764 510 sunt,
788 428 935 496 'hoc
979 437 1103 507 est,
1152 430 1208 494 si
1254 430 1556 512 spiritum
1600 433 1898 492 sanctum
1941 450 2077 493 non
2122 450 2291 494 acoe-

418 528 646 604 pimus,
696 528 848 585 sunt
893 520 1060 584 sicut
1101 520 1335 583 sterilis
1381 518 1596 595 arbor,
1643 519 1715 580 in
1759 538 1893 598 qua
1936 520 2156 584 nullus
2200 521 2292 582 in·

418 616 665 676 vcstitur
710 612 975 673 fructus.
1991 622 2001 627 “

592 701 854 775 Contra,
926 699 1041 779 qui
1091 698 1163 762 in
1209 697 1461 761 Christo
1475 746 1491 772 ‚
1552 702 1864 776 tanquam
1916 697 2170 777 palmes
2223 697 2296 759 in

418 792 542 848 vim
586 794 872 865 manent,
919 788 1043 850 hoc
1088 793 1203 864 est,
1251 787 1368 866 qui
1410 785 1681 848 credunt
1722 785 1794 848 in
1833 784 2183 862 Christum,
2233 793 2299 849 et

414 900 530 960 pm*
562 877 886 940 Christum
918 881 1211 941 statuunt
1240 896 1357 956 pro
1388 874 1666 955 peccatis
1700 874 1836 936 suis
1866 874 2293 950 satisfactum,

418 976 474 1028 et
522 988 586 1028 se
632 966 755 1030 deo
784 965 1222 1029 reconciliatos
1268 983 1425 1039 esse,
1473 963 1544 1025 in
1587 962 1692 1025 his
1739 963 2003 1044 spiritus
2035 969 2298 1027 sanctus

418 1070 514 1116 [ιι-ἶ,
562 1055 790 1118 efficax
803 1104 816 1131 ,
865 1061 940 1117 ut
984 1060 1050 1117 et
1092 1055 1287 1118 verbo
1333 1051 1656 1128 obediant,
1705 1057 1772 1114 et
1814 1051 2098 1115 fructum
2145 1052 2301 1115 fidei

418 1168 588 1220 suae,
636 1145 836 1208 vitam
882 1150 1227 1219 aeternam,
1275 1147 1767 1220 consequantur.

594 1232 977 1296 Statuuntur
1033 1232 1229 1312 igitur
1284 1231 1411 1293 hoc
1468 1230 1539 1291 in
1602 1229 1742 1292 loco
1809 1227 1976 1290 duae
2048 1229 2301 1293 conclu-

422 1324 648 1398 μὶηιῑωε,
697 1341 857 1401 quas
889 1340 1077 1402 papa,
1125 1327 1439 1399 tanquam
1476 1323 1714 1381 certam
1757 1318 2078 1380 haeresim
2123 1318 2303 1381 dam-

426 1424 550 1472 nat.
641 1410 890 1485 Prima,
939 1409 1114 1489 quod
1158 1409 1355 1471 homo
1399 1407 1471 1468 in
1516 1412 1837 1486 quantum
1878 1407 2111 1483 hom0,
2163 1408 2306 1470 sine

422 1500 651 1576 spiritu
696 1503 947 1573 sanct0,
997 1498 1083 1561 sit
1126 1497 1360 1560 sterilis
1405 1496 1592 1559 arbor
1610 1545 1624 1571 ‚
1673 1514 1792 1557 nec
1836 1496 2042 1576 possit
2087 1515 2303 1559 conse-

422 1588 534 1664 qui
589 1586 882 1649 salutem.
976 1585 1299 1661 Secunda,
1363 1585 1539 1665 quod
1583 1604 1698 1666 per
1755 1583 1954 1646 fidem
2009 1584 2083 1646 in
2131 1585 2308 1647 Chri-

422 1688 474 1736 .-=t
490 1696 613 1752 um,
662 1675 802 1738 sine
847 1674 1074 1738 merito
1120 1680 1358 1750 nostro,
1413 1679 1670 1736 tantum
1715 1693 1798 1735 ex
1841 1672 2048 1752 gratia
2091 1693 2308 1737 conse·

422 1792 434 1820 ι
446 1792 458 1844 l
474 1784 700 1828 namur
765 1764 968 1828 vitam
1042 1771 1387 1828 aeternam.
1491 1762 1673 1824 Clara
1740 1762 1916 1824 enim
1982 1763 2313 1826 sententia

426 1864 546 1928 [aar.
606 1853 853 1916 fructus
906 1859 1058 1915 tuus
1110 1853 1182 1914 in
1235 1872 1342 1914 me
1402 1850 1790 1927 invenietur,
1851 1856 1918 1914 et
1959 1849 2099 1913 Ioh.
2156 1848 2304 1914 15.1

426 1940 566 2004 Nisi
608 1942 679 2003 in
723 1961 829 2004 me
874 1941 1261 2016 manseritis,
1311 1940 1596 2004 fructum
1641 1960 1774 2002 non
1818 1939 2054 2003 feretis.

598 2031 743 2092 Hae
788 2036 942 2093 sunt
986 2030 1367 2111 magnificae
1412 2028 1878 2092 consolationes
1897 2078 1910 2104 ,
1972 2048 2140 2108 quae
2187 2050 2312 2093 nos

430 2121 691 2181 imitare
733 2120 1090 2196 debebant,
1149 2124 1225 2182 ut
1283 2139 1432 2182 cum
1475 2138 1627 2184 vera
1672 2118 1938 2183 ecclesia
1995 2138 2113 2181 nos
2162 2139 2312 2183 con·

430 2213 854 2285 inungeremus,
904 2228 1069 2288 quae
1117 2208 1343 2272 statuit
1386 2207 1830 2270 remissionem
1873 2213 2311 2288 peccatorum,

430 2305 490 2357 ιτιῒ.
546 2297 745 2360 vitam
803 2303 1131 2360 aeternam
1148 2347 1163 2374 ,
1225 2303 1483 2360 tantum
1538 2296 1907 2376 contingere
1963 2316 2047 2358 ex
2101 2298 2317 2375 gratia

430 2409 542 2465 pm·
586 2386 781 2448 fidem
826 2386 897 2448 in
942 2386 1287 2450 Christum.
1379 2386 1599 2448 Habet
1649 2391 1866 2448 autem
1910 2385 2070 2447 haec
2115 2386 2313 2448 eccle-

430 2477 522 2537 sis.
582 2474 777 2537 deum
822 2475 1275 2538 exaudientem
1327 2475 1400 2536 in
1443 2474 1742 2555 periculis
1762 2522 1776 2549 ,
1834 2474 2311 2554 respicientem,

430 2577 487 2625 [ιτ.
538 2564 727 2626 variis
773 2563 961 2628 donis
1007 2570 1346 2627 ornantem
1399 2582 1566 2626 suos.
1661 2562 1825 2625 Cum
1871 2567 2130 2625 econtra
2176 2563 2310 2639 alii,

433 2653 538 2729 [μή
596 2652 892 2714 nituntur
938 2672 1056 2715 sua
1110 2652 1367 2715 iusticia
1426 2658 1491 2715 et
1543 2651 1676 2715 suis
1721 2650 1968 2714 meritis
1982 2701 1996 2727 ,
2061 2652 2186 2714 etsi
2225 2652 2314 2714 ad

433 2753 684 2817 tffiupus
729 2739 962 2801 florent
1022 2736 1204 2823 (nam
1249 2739 1579 2814 idolatriae
1625 2739 1812 2803 initia
1857 2740 2202 2821 splendida
2245 2748 2317 2804 et

438 2827 639 2889 [Mic-ia
692 2827 872 2906 sunt)
927 2827 1170 2892 similes
1226 2835 1417 2892 erunt
1461 2828 1672 2892 arbori
1690 2879 1705 2905 ,
1763 2829 1946 2893 cuius
2002 2830 2160 2892 folia
2207 2830 2313 2893 de·

430 2921 656 2994 fluunt,
693 2923 758 2980 et
785 2918 991 2994 horto,
1026 2918 1141 2998 qui
1170 2938 1304 2980 non
1332 2918 1531 2981 habet
1559 2937 1779 2999 aquas»,
1829 2918 1997 2981 sieut
2025 2919 2173 2982 Esa.
2216 2916 2319 2981 1.*

430 3029 518 3065 1:21.
570 3007 870 3070 minatur.
2068 3033 2071 3036 ·

518 3129 681 3245 Qvi
726 3130 1052 3211 sapiens
1099 3136 1220 3194 est
1261 3130 1680 3211 intelliget
1722 3132 1947 3207 haec,
2010 3135 2084 3194 et
2127 3119 2316 3213 Pru-

636 3219 836 3281 dens
899 3226 1325 3299 cognoscet
1381 3240 1489 3283 ea.
1584 3219 1976 3295 Quoniam
2034 3228 2320 3284 rectae

518 3314 702 3371 sunt
754 3307 936 3371 viae
997 3308 1331 3385 domini,
1406 3314 1480 3372 et
1530 3309 1735 3372 iusti
1791 3308 2323 3372 ambulabunt

518 3397 598 3461 in
645 3396 785 3459 eis.
850 3397 1316 3460 Peccatores
1349 3403 1617 3460 autem
1647 3403 2029 3461 corruent
2058 3396 2270 3461 in'ei1

609 3572 663 3638 1)
702 3572 824 3626 Ioh.
864 3571 948 3639 15.

609 3729 658 3796 *)
695 3730 767 3783 In
802 3747 976 3797 marg.
1014 3731 1139 3787 coll.
1176 3732 1326 3787 Ien.:
1369 3732 1503 3786 Esa.
1543 3732 1590 3786 1.
