2575 4225
418 275 546 335 :Jfflil
1095 270 1305 352 Caput
1348 289 1598 333 nonum

418 451 873 531 Ilatef'azfientes
903 446 1220 529 persecuti
1265 452 1436 524 sunt,
1483 446 1598 510 ubi
1641 447 1801 510 tales
1829 452 2137 528 patronos
2182 448 2308 510 im-

422 543 622 619 pietas
698 536 942 600 invenit
956 585 971 613 ,
1044 537 1138 599 ibi
1201 537 1465 617 penitus
1517 535 1799 599 concidit
1847 536 2073 617 religio
2088 586 2103 614 ,
2182 556 2311 600 neo

422 647 622 707 launna
674 631 880 707 potest
925 624 1145 688 abesse
1189 624 1473 706 longius,
1521 644 1599 689 ea
1641 630 1859 688 autem
1906 644 2163 707 semper
2207 626 2305 688 in·

422 739 514 775 uus
530 716 666 775 nhil„
694 713 948 795 gravius
993 714 1065 775 in
1093 719 1405 794 tyrannos
1450 733 1647 794 quam
1677 713 1748 776 in
1773 714 2084 798 plebeios,
2133 714 2313 778 sicut

422 807 714 883 cuxrmpla
756 801 1126 866 ostendunt.
1217 804 1314 866 Ac
1359 822 1552 866 causa
1595 808 1721 879 est,
1770 802 1927 883 quia
1969 803 2306 883 magistra·

422 903 518 955 me:
570 895 762 955 <lohet
816 911 953 954 esse
1000 898 1211 955 custos
1258 892 1454 955 totius
1508 892 1700 972 legis,
1753 892 1878 954 hoc
1924 897 2052 969 est,
2111 892 2317 955 debet

422 983 614 1043 vtiffln
666 980 985 1061 religionis
1016 1001 1237 1044 curam
1282 981 1621 1062 suscipere,
1668 980 2036 1044 idolatriam
2082 985 2148 1044 et
2187 982 2310 1043 im·

426 1071 562 1151 pin-s
612 1071 897 1132 [lectores
943 1089 1171 1146 arcere,
1228 1074 1295 1132 et
1338 1069 1604 1133 tandem
1649 1069 1777 1132 alia
1820 1089 2080 1150 quoque
2128 1090 2306 1133 scan-

422 1163 586 1227 dula„
638 1179 800 1239 quae
846 1165 1069 1222 contra
1112 1158 1463 1222 secundam
1506 1158 1796 1222 tabulam
1825 1159 2013 1235 fiunt,
2061 1159 2310 1222 tollere.

426 1251 486 1307 H
494 1271 562 1310 [ιι-ς
630 1268 804 1327 rages
862 1248 1061 1310 Israel
1118 1268 1251 1310 non
1322 1246 1515 1309 modo
1573 1267 1703 1310 non
1761 1247 2089 1310 faciebant
2107 1297 2121 1324 ‚
2193 1248 2309 1310 sed

426 1339 566 1395 atim
582 1363 614 1395 ll
674 1343 925 1400 autores
982 1336 1116 1399 suis
1170 1336 1501 1399 idolatriae
1547 1340 1758 1413 erant,
1822 1342 1887 1399 et
1941 1337 2008 1399 vi
2064 1356 2104 1398 a
2158 1356 2318 1400 vero

426 1427 596 1487 cultu
650 1425 949 1488 arcebant
993 1424 1304 1488 subditos.

610 1622 984 1667 arcussus
1041 1608 1165 1665 est
1222 1601 1638 1683 Ephraim,
1702 1601 2029 1665 exaruit
2083 1602 2323 1665 radix

638 1685 941 1769 aarum,
1012 1691 1288 1772 itaque
1349 1691 1703 1755 fructum
1766 1690 2087 1754 nullum
2161 1691 2321 1753 fer·

518 1803 546 1839 r
578 1791 734 1855 ent,
784 1786 858 1843 et
900 1786 1169 1844 tamen
1213 1780 1281 1843 si
1327 1780 1826 1862 pepererint,
1875 1800 2012 1859 ego
2060 1780 2321 1842 inter·

522 1871 799 1931 ficiam
844 1869 1187 1933 delicias
1233 1870 1546 1934 ventris
1591 1888 1876 1931 eorum.

434 2047 734 2152 Exponit
789 2046 963 2126 quod
1019 2066 1214 2128 supra
1258 2045 1456 2124 dixit,
1521 2065 1653 2109 non
1709 2046 1990 2129 amplius
2043 2044 2320 2127 diligam

558 2156 678 2196 mis.
781 2137 868 2198 Et
920 2143 1250 2218 comparat
1297 2136 1824 2199 florentissimum
1889 2154 2163 2214 regnum
2221 2156 2324 2198 ar·

434 2224 590 2292 huri,
642 2224 822 2285 vuius
868 2224 1056 2285 radix
1100 2225 1368 2301 exaruit,
1417 2224 1513 2287 ibi
1558 2245 1691 2288 non
1736 2224 1945 2288 solum
1975 2225 2142 2286 nulli
2186 2224 2324 2286 fru-

434 2320 590 2384 ctus,
646 2309 755 2372 secl
800 2331 882 2373 ne
930 2312 1195 2392 quidem
1241 2314 1400 2376 folia
1441 2315 1574 2376 ulla.
1617 2319 1986 2377 nascuntur.
2333 2360 2338 2368 .

614 2400 706 2460 Dr:-
774 2400 988 2464 fructu
1053 2402 1295 2465 ventris
1369 2402 1658 2465 necando
1741 2421 1938 2483 supra
2004 2401 2322 2478 diximus,

438 2489 779 2568 significari
862 2496 1241 2572 perpetuam
1330 2492 1702 2555 servitutem
1797 2491 1966 2553 inter
2067 2496 2321 2570 gentes.

438 2580 825 2656 Quamquam
856 2579 1052 2642 etiam
1095 2580 1222 2641 ista
1267 2579 1352 2642 ad
1389 2581 1643 2644 literam
1688 2599 1900 2660 poena
1945 2585 2166 2642 secuta
2194 2583 2319 2655 est,

442 2676 510 2724 ut.
554 2668 1078 2742 extinguerentur
1135 2666 1423 2729 feliciora
1478 2668 1739 2748 ingenia
1798 2668 2186 2748 priusquam
2232 2666 2327 2729 ad

442 2752 873 2813 maturitatem
918 2753 1343 2833 pervenirent.

538 2926 906 3036 Aniiciet
963 2949 1099 2992 eos
1159 2930 1364 2995 deus
1423 2953 1666 3010 meus,
1728 2931 1941 3014 quod
1986 2952 2140 2995 non
2184 2951 2323 2994 au-

618 3016 654 3076 d
678 3020 943 3081 ierunt
964 3038 1173 3096 eum,
1208 3026 1286 3085 et
1316 3027 1554 3084 erunt
1575 3023 1751 3102 vagi
1778 3022 1982 3085 inter
2012 3026 2318 3101 gentes.

438 3192 650 3300 Ham]
710 3196 1011 3260 notabilis
1066 3198 1387 3262 sententia
1445 3204 1542 3261 est
1560 3247 1574 3275 ,
1633 3206 1699 3262 et
1750 3199 1974 3279 digna,
2035 3217 2202 3278 quae
2245 3197 2324 3259 in

535 3292 536 3295 ’
590 3283 888 3347 munibus
930 3285 1283 3366 parietibus
1339 3286 1683 3351 scribatur:
1777 3287 2138 3351 Abiiciet
2184 3304 2322 3348 eos

438 3372 630 3432 deus
689 3391 936 3450 meus,
998 3375 1206 3455 quod
1262 3396 1421 3439 non
1466 3376 1902 3439 audierunt
1960 3395 2132 3438 eum
2179 3381 2317 3437 etc.

438 3460 763 3525 Admcuet
815 3463 991 3525 enim
1050 3484 1197 3540 ηοε,
1258 3465 1316 3528 si
1374 3465 1673 3546 cupimus
1729 3465 2000 3528 retinere
2059 3462 2323 3526 benedi·

442 3548 718 3612 ctionem
775 3550 1022 3614 domini
1037 3601 1051 3628 ,
1129 3570 1260 3632 qua
1315 3573 1432 3617 nos
1493 3554 1745 3617 ornavit
1762 3603 1776 3630 ,
1843 3559 1919 3616 ut
1975 3552 2314 3615 audiamur

442 3656 618 3712 sum,
670 3640 791 3700 hoc
835 3647 959 3718 est,
1022 3646 1097 3704 ut
1141 3635 1605 3723 amplectamur
1649 3648 1714 3705 et
1766 3641 2049 3705 studiose
2096 3660 2300 3720 sequa

442 3748 586 3788 mur
634 3727 927 3805 verbum,
988 3729 1147 3792 deus
1193 3730 1370 3792 enim
1416 3751 1483 3794 se
1539 3730 1966 3810 glorificantes
2012 3729 2326 3810 glorifica-
