2575 4225
452 234 577 299 Hcseee
600 236 786 317 prophetoe.
1025 238 1090 302 289

142 418 179 477 et
208 410 354 475 officium
381 411 468 475 solus
498 412 644 477 Christus
673 412 756 493 gerit
789 419 821 477 et
852 408 995 496 implet.1
1049 418 1092 481 Et

145 507 260 563 tamen
281 500 397 565 veteris
418 502 533 583 populi
559 500 775 566 sacerdotium
798 501 955 567 divinitus
978 505 1091 569 consti·

146 595 271 665 tutum,
299 590 396 654 verbo
423 590 592 671 alligatum
618 590 692 655 fuit.
748 591 862 671 Itaque
891 592 1092 657 discedentes

145 697 167 741 ιι
189 678 288 743 verbo
318 684 472 742 errarunt.
531 678 620 743 Sicut
645 685 781 743 testatur
804 680 980 745 Ezechielis
1002 683 1092 747 locus

144 766 189 831 de
211 787 288 831 vero
302 767 403 830 Iudee
425 767 621 833 sacerdotio:
644 768 713 831 Lex
735 768 855 849 peribit
876 790 896 831 s
918 771 1091 847 secerdote,

145 862 181 918 et
203 856 376 919 consilium
402 856 635 921 esenioribus.
681 857 795 921 Erech.
821 851 871 921 7!
920 859 964 922 Et
985 861 1094 925 Hosee

147 944 202 1008 hic
225 945 309 1009 olere
332 945 428 1009 dicit:
456 946 540 1019 Quis
562 946 710 1027 repulisti
731 946 866 1009 verbum
889 968 1009 1025 meum,
1033 970 1093 1031 ego

146 1052 279 1113 quoque
302 1034 452 1097 abiicism
467 1040 509 1111 te,
534 1055 575 1097 ne
597 1035 642 1097 sis
664 1054 756 1097 meus
780 1036 937 1113 sacerdos,
962 1040 1094 1118 etquis

146 1121 269 1185 oblitus
292 1142 327 1185 es
341 1122 422 1203 legis
444 1122 498 1186 dei
513 1123 571 1199 tui,
596 1143 655 1203 ego
678 1143 807 1203 quoque
823 1123 992 1189 obliviscar
1015 1126 1092 1189 fflic-

148 1230 224 1273 rum
263 1217 408 1289 tuorum,
450 1213 513 1275 hoc
547 1217 610 1288 est,
650 1213 886 1277 successionem
923 1214 1092 1279 sacerdotii

147 1298 312 1363 abiicism.
436 1358 439 1365 .

240 1388 274 1465 Si
308 1390 385 1465 hoo,
426 1388 576 1469 inquam,
617 1391 717 1453 veteri
751 1390 926 1454 sacerdotio
966 1391 1092 1468 accidit,

147 1476 243 1539 cuius
266 1477 423 1541 successio
446 1478 602 1543 divinitus
626 1485 695 1543 erat
715 1479 884 1556 mandate,
913 1480 993 1559 quid
1016 1481 1093 1543 obii-

147 1566 242 1630 ciunt
263 1566 357 1631 nobis
384 1567 493 1630 titulos
517 1575 551 1632 at
577 1569 808 1645 ministerium,
839 1569 1000 1650 pontifex,
1030 1590 1093 1633 cer·

147 1654 275 1717 dinules
298 1660 331 1719 et
353 1656 517 1738 episcopi?
547 1657 639 1720 Prius
662 1658 800 1737 probent
822 1657 932 1733 nobis,
957 1658 1093 1721 retinere

148 1762 185 1815 se
200 1743 345 1820 verbum,
361 1744 444 1807 nihil
459 1750 569 1807 contra
580 1745 700 1808 Christi
716 1746 904 1808 institutum
920 1766 955 1808 se
970 1746 1093 1822 docere,

148 1832 234 1895 nihil
256 1853 276 1894 s
299 1832 425 1897 Christo
453 1834 702 1897 mandatumst
731 1834 918 1898 institutum
941 1840 1094 1911 mutasse,

147 1927 183 1984 et
210 1940 421 2001 agnoscemus
449 1922 666 1985 ministerium
693 1943 805 1985 eorum
833 1923 896 1985 tale
926 1942 1012 1999 esse,
1044 1924 1096 1986 cui

149 2030 263 2091 perere
295 2031 407 2074 omnes
441 2012 626 2088 conveniet,
667 2012 846 2075 secundum
884 2013 1095 2076 sententiam:

150 2099 216 2174 Qui
238 2119 295 2164 vos
318 2100 427 2178 audit,
460 2121 513 2165 me
536 2099 642 2178 audit,
671 2101 766 2166 item:
800 2099 939 2181 Spiritus
966 2107 1096 2166 sanctus

148 2189 323 2253 testabitur
346 2189 385 2253 de
408 2210 471 2267 me,
496 2196 530 2252 et
550 2211 607 2254 vos
629 2185 860 2254 testabimini*

245 2270 328 2342 ³Sed
350 2299 426 2342 cum
440 2279 589 2342 convinci
602 2280 738 2360 possint,
763 2279 851 2360 quod
873 2279 910 2342 in
928 2279 1097 2342 ecclesiam

150 2367 355 2444 invexerunt,
332 2373 462 2447 tquee
478 2367 624 2432 Christus
638 2368 816 2450 prohibuit,
841 2368 924 2432 sicut
910 2373 992 2431 test
1006 2389 1094 2430 men-

149 2455 267 2519 dstum
296 2455 337 2518 de
366 2456 539 2532 coelibatu,
575 2456 722 2520 Christus
755 2456 843 2519 enim
880 2475 935 2520 ecs
969 2461 1097 2520 tentum

150 2544 244 2608 iubet
258 2564 371 2626 cepere
387 2545 522 2608 verbum
544 2545 589 2622 id,
614 2546 671 2625 qui
686 2546 813 2627 possint
835 2563 948 2626 cepere
964 2549 998 2606 st
1011 2565 1098 2648 pepe

150 2633 186 2696 in
201 2653 319 2714 genere
341 2653 454 2712 cinnes
476 2594 683 2698 ecelesiarum
712 2634 876 2697 ministros
900 2654 920 2696 ιι
948 2634 1097 2714 coniugio

148 2729 247 2786 arcet
294 2707 388 2799 Item,
416 2722 504 2802 quod
526 2744 547 2786 ιι
569 2723 695 2786 Christo
718 2723 811 2786 instit
811 2729 868 2787 ute
890 2729 923 2786 et
944 2721 1099 2786 mandate

151 2817 335 2888 mutarunt,
370 2811 454 2875 sicut
481 2831 577 2875 usum
604 2813 722 2892 integri
751 2813 952 2876 sacrementi.
1003 2813 1096 2888 Item,

150 2900 242 2979 quod
272 2920 356 2964 nove
383 2900 536 2980 dogmata
558 2906 590 2963 et
617 2921 720 2964 novus
751 2901 856 2962 cultus
878 2899 1096 2976 instituerunt,

151 3008 236 3068 quos
267 2990 374 3070 prime
405 2990 538 3052 ecclesie
566 2990 716 3064 nescivit,
758 2989 842 3051 sicut
876 2992 953 3049 sunt
981 2988 1098 3050 missae

153 3099 212 3158 pro
240 3078 322 3141 vivis
345 3085 377 3141 et
399 3079 551 3154 mortuis,
579 3078 738 3142 invocatio
767 3082 965 3152 sanctorum,
989 3075 1097 3158 depre-

152 3166 297 3230 cationes
333 3187 392 3247 pro
425 3167 575 3242 mortuis,
620 3173 654 3230 et
693 3166 821 3241 similis,
856 3165 994 3227 dicimus
1024 3185 1099 3226 cum

155 3255 265 3318 Hosea
287 3255 329 3318 ad
359 3275 463 3337 papae
491 3255 672 3318 ecclesiam:
710 3256 759 3316 Τιι
782 3253 928 3334 repulisti
953 3253 1097 3328 verbum,

157 3343 230 3407 ideo
242 3364 309 3407 non
322 3364 355 3408 es
367 3343 513 3408 sacerdos
525 3344 587 3420 dei,
601 3343 658 3407 sed
670 3344 812 3425 reppulit
822 3349 854 3407 te
867 3341 946 3406 deus
959 3361 1097 3422 quoque

248 3501 275 3567 1)
293 3501 428 3568 Papistee
440 3501 547 3555 frustra
556 3501 688 3554 nituntur
697 3500 846 3554 vocatione
860 3515 910 3554 seu
920 3497 1099 3552 ministerio?

172 3570 188 3637 l)
207 3571 309 3626 Erech,
329 3572 354 3624 7.
390 3571 419 3639 3)
439 3571 498 3626 Gur
515 3589 591 3639 pepe
608 3588 668 3626 non
686 3571 865 3625 audiendus?

248 3711 327 3778 )In
345 3693 433 3781 marg
452 3716 514 3771 coll.
533 3717 607 3768 Ιιιιι..
627 3716 720 3768 Lucae
740 3711 782 3765 10

202 3810 289 3852 Luthsrl
302 3821 349 3861 opp.
365 3816 449 3863 exeret.
477 3813 524 3854 Vol
538 3812 613 3853 mv.
907 3802 941 3855 19
