2575 4225
425 285 461 340 εἰ
473 281 505 341 :3
1067 276 1277 357 Caput
1320 276 1646 337 decimum

947 454 1186 518 Omnes
1232 452 1559 534 nequitiae
1606 458 1723 515 etc.
1738 447 1762 485 ¹

601 562 678 629 uu
720 560 775 627 b:
820 566 1088 646 nntugent
1124 559 1190 634 ist
1218 558 1301 625 ἱιιι
1333 554 1552 642 &umal
1597 579 1792 640 quem
1837 560 2051 623 locum
2100 560 2309 641 elege—

425 661 573 713 runt
617 658 873 734 propter
920 650 1177 714 Samuel
1207 654 1325 712 etc.
1374 655 1450 711 ut
1495 668 1707 731 supra.
1801 648 1895 712 ibi
1941 655 2039 712 est
2084 652 2311 713 omnis

425 741 666 805 malitia
709 760 929 804 eorum
975 745 1236 821 propter
1266 758 1465 819 quam
1497 738 1635 801 odit
1664 757 1791 800 eoa.
1886 738 2074 800 Unde
2107 739 2301 803 dicit:

421 837 677 909 propter
722 830 895 891 mala
940 828 1156 892 studia
1199 846 1421 890 eorum
1468 833 1585 889 etc.

1051 989 1198 1050 Non
1244 986 1482 1049 addam
1529 994 1646 1050 etc.

597 1119 726 1162 non
781 1098 1006 1178 diliget
1063 1115 1172 1158 eos
1229 1095 1298 1156 in
1359 1100 1692 1156 aeternum
1752 1095 2030 1175 amplius
2098 1102 2162 1159 ess
2228 1094 2301 1173 ist

421 1189 525 1264 πῃπῇ
573 1186 680 1252 mit
722 1186 902 1268 Sbm,
972 1184 1040 1267 ist
1082 1183 1297 1265 bobun,
1368 1204 1501 1245 non
1560 1188 1657 1247 est
1703 1201 1848 1264 spes
1895 1184 2173 1265 amplius
2220 1191 2301 1247 ut

425 1281 775 1338 reflorescat
817 1276 942 1337 hoc
973 1266 1304 1353 regnum.²
1387 1271 1662 1334 Ioannes
1700 1272 1905 1335 utitur
1933 1273 2057 1334 hac
2088 1273 2298 1351 figura

421 1364 720 1445 lnquendi
786 1364 995 1426 Lucae
1068 1362 1126 1423 3.
1251 1361 1503 1423 Securis
1573 1360 1655 1423 ad
1721 1360 2005 1423 radicem
2079 1364 2300 1442 posita

421 1465 509 1513 =*.²·²†
561 1461 674 1517 Εΐιθ.

1191 1611 1494 1686 fructum,

421 1721 477 1777 ir]
533 1725 658 1781 est:
705 1738 976 1799 regnum
1023 1738 1156 1780 non
1202 1718 1483 1799 amplius
1529 1716 1765 1779 redibit
1820 1716 1891 1778 in
1938 1721 2180 1779 statum
2230 1725 2297 1781 et

417 1809 493 1869 ad
505 1808 1037 1870 ministrationem
1105 1812 1180 1868 ut
1247 1807 1427 1888 prius
1446 1856 1459 1881 ,
1540 1811 1729 1867 erunt
1795 1805 2054 1885 tyranni
2122 1806 2293 1886 prin-
2343 1874 2347 1880 ,

417 1897 589 1977 ϋῖὲμῡὲ
637 1902 754 1959 etc,

1083 2056 1568 2132 Amantissima,
1582 2050 1607 2087 ⁸

417 2166 477 2222 id
529 2170 625 2226 est
669 2163 854 2225 filios.
947 2163 1027 2225 In
1074 2164 1311 2243 quibus
1358 2164 1479 2225 erit
1534 2182 1772 2248 magna
1817 2182 1963 2244 spes
2003 2168 2126 2226 etc.
2224 2160 2293 2225 Si

415 2251 759 2330 aliquando
821 2251 1144 2330 insignem
1199 2253 1411 2315 virum
1466 2251 1978 2332 recuperaverint
2031 2252 2102 2313 in
2158 2272 2290 2332 quo
2385 2321 2391 2324 ,

417 2346 672 2418 ,el-serant
715 2340 1185 2403 restituendum
1215 2359 1507 2419 regnum,
1556 2360 1689 2402 non
1720 2340 1857 2416 erit,
1904 2339 2292 2404 interficiam

413 2450 561 2490 eum
609 2434 724 2492 etc.

1082 2589 1162 2650 In
1209 2589 1599 2663 nationibus,

417 2698 482 2754 “in
517 2694 832 2770 gentibus,
881 2694 950 2757 id
983 2700 1109 2757 est:
1158 2694 1438 2774 Assyriis
1460 2746 1473 2771 ,
1497 2708 1501 2715 ’
1522 2697 1767 2758 incerta
1796 2696 1965 2772 sede,
2009 2702 2084 2759 ut
2114 2715 2294 2759 nunc

413 2790 525 2850 (ιι-’.1,
561 2790 678 2846 etc.
713 2818 797 2827 —
829 2784 974 2846 Hoc
1003 2789 1213 2847 totum
1244 2803 1336 2846 ca.
1375 2786 1413 2846 9
1453 2784 1641 2865 ponit
1683 2785 1767 2847 ob
1814 2784 2030 2848 oculos
2076 2786 2292 2866 ipsam

413 2870 847 3038 ιῃξῗῗιέῗέθω
893 2889 1022 2952 quo
1068 2872 1151 2935 ad
1197 2892 1503 2954 personas
1548 2873 1749 2954 ipsas,
1798 2874 2174 2936 minuentur
2218 2875 2292 2936 in

977 3185 1315 3270 Sequitur
1365 3191 1576 3293 caput
1620 3189 1714 3256 X.

585 3313 820 3376 Sensus
866 3315 1172 3378 obscurus
1219 3323 1334 3393 est,
1383 3317 1578 3380 verba
1622 3337 1782 3394 non,
1832 3315 2107 3398 {eliganter
2145 3331 2285 3399 pros

405 3402 473 3478 pf]
481 3410 549 3478 ets
597 3402 849 3468 videtur
894 3402 1104 3466 adhuc
1135 3404 1345 3467 dicere
1376 3405 1456 3468 de
1489 3406 1857 3487 captivitate
1888 3411 2006 3470 etc.
2058 3427 2281 3487 quam-

405 3510 601 3570 quam
649 3493 778 3555 sint
825 3492 940 3573 qui
983 3492 1283 3558 videntur
1314 3494 1495 3558 aliter
1524 3495 1735 3559 vivere
1766 3501 1830 3559 et
1858 3494 2282 3577 praetendere

405 3580 865 3658 paenitentiam
912 3580 1228 3662 aliquam,
1290 3581 1404 3644 sed
1462 3584 1607 3647 ficte
1653 3591 1771 3648 etc.
1864 3603 2013 3649 vero
2060 3583 2279 3651 studio

589 3752 639 3822 Ι)
675 3770 728 3810 v.
771 3754 854 3808 15.
929 3754 985 3823 2)
1019 3772 1072 3811 v.
1113 3756 1198 3809 16.
1272 3755 1330 3824 3)
1367 3773 1419 3813 v.
1460 3757 1542 3810 17.

677 3996 715 4010 Q
