2575 4225
436 293 562 357 Hoseae
585 294 769 375 prophetae.
1013 296 1076 359 285

132 477 295 553 qnantum
319 478 368 534 est
382 470 506 553 peccati
520 470 803 550 reprehensionem
826 470 910 535 nolle
930 473 1020 549 serre,
1046 481 1078 538 et

9 585 12 621 r
132 580 288 625 excusare
311 565 451 641 peccata.
498 560 563 621 Ubi
584 559 674 621 enim
697 560 737 622 ad
761 559 849 624 hunc
877 562 1012 625 modum
1034 564 1077 627 vi·

132 652 238 726 vitur,
270 656 308 712 ut
336 668 356 710 e
383 648 544 711 medicina
572 649 765 711 abhorreant
791 650 911 727 animi,
942 651 988 713 ihi
1006 672 1077 715 non

131 744 244 821 potest
269 737 397 818 longius
426 738 536 800 abesse
573 757 687 820 poena.
739 738 833 811 Quod
868 740 966 820 igitur
1000 740 1078 803 dicit

9 819 11 890 ἶ
133 828 303 909 propheta,
328 846 424 889 nemo
439 826 552 905 litiget,
576 846 673 889 nemo
689 827 910 907 reprehendat,
936 850 1002 892 non
1016 831 1078 895 hoc

9 921 10 950 i
132 916 221 992 rnh,
258 916 352 995 quasi
384 914 575 996 reprehendi
609 915 693 978 vicia
727 936 793 977 non
827 916 980 993 debeant,
1022 918 1077 981 sed

9 1056 11 1060 ,
132 1004 278 1069 ostendit
299 1004 581 1085 reprehensionem
604 1004 723 1066 frustra
745 1024 827 1082 esse,
859 1026 925 1068 non
949 1007 1078 1070 admitti

134 1114 208 1157 eam
231 1095 273 1156 ab
296 1093 484 1155 hominibus
508 1097 564 1154 aut
585 1092 723 1154 tolerari.

9 1229 10 1275 ;
224 1183 298 1247 Hoc
313 1201 441 1262 quoque
463 1186 632 1263 peccatum
652 1187 761 1244 nostro
785 1183 891 1245 seculo
910 1183 1076 1246 usitatissi-

9 1278 10 1340 ]
133 1292 227 1334 mum
246 1278 303 1347 est,
329 1272 452 1351 inspice
467 1270 555 1332 enim
571 1270 728 1346 ecelesias,
758 1277 790 1333 ct
812 1271 935 1335 videbis
956 1273 1077 1353 passim

9 1390 12 1446 j,
130 1362 282 1423 doctores
296 1361 331 1421 in
347 1360 421 1422 odio
435 1378 515 1435 esse,
540 1359 627 1439 quod
641 1358 783 1435 liberius,
809 1358 892 1423 sicut
906 1360 1077 1423 ministerii

9 1473 10 1542 ᾗ
38 1493 45 1508 r
133 1450 218 1513 ratio
254 1449 410 1531 postulat,
452 1453 594 1527 arguunt
630 1454 771 1529 peecata.
825 1451 872 1511 Ac
906 1451 1076 1532 praecipue

9 1550 10 1585 r
132 1556 258 1615 eorum,
272 1537 577 1617 quiinmagistretu
588 1542 674 1614 sunt,
688 1539 877 1601 tenerrimae
886 1545 963 1602 sunt
974 1558 1074 1601 eures.

9 1649 10 1660 ¹
131 1628 201 1701 oui
224 1627 313 1689 enim
335 1631 496 1707 potatores
519 1631 604 1701 sunt,
629 1645 704 1688 cum
727 1626 864 1691 audiunt
886 1628 1078 1709 reprehendi

133 1717 338 1792 ebrietatem,
367 1734 402 1777 se
423 1714 508 1776 laedi
538 1720 571 1777 et
593 1714 661 1795 peti
689 1720 822 1795 putant,
851 1716 908 1795 qui
931 1716 1076 1792 adulteri,

133 1806 233 1882 avari,
258 1804 372 1867 iniusti
386 1809 471 1880 sunt,
495 1804 612 1866 horum
626 1803 783 1866 viciorum
798 1805 1077 1886 reprehensionem

134 1895 286 1957 iudicant
307 1893 371 1955 sibi
393 1892 668 1955 contumeliosam.

227 1982 292 2045 Sed
321 1983 383 2044 hac
410 1982 535 2043 ratione
561 1981 666 2060 magis
700 1986 890 2062 provocetur
923 1982 1002 2045 deus
1037 1981 1079 2044 ad

136 2073 229 2150 irem,
255 2092 333 2134 nam
348 2075 480 2153 peccata
494 2070 557 2133 ista
571 2077 628 2134 aut
651 2069 831 2133 omittenda
847 2076 879 2134 et
894 2072 1080 2152 corrigenda

134 2168 245 2238 erant,
282 2166 339 2223 aut
360 2165 428 2222 erat
457 2158 590 2222 ferenda
617 2159 718 2222 libera
746 2159 960 2242 reprehensio.
1006 2161 1080 2224 Non

134 2252 227 2314 enim
258 2251 373 2325 homo,
405 2248 462 2311 sed
491 2248 571 2311 deus
600 2247 708 2327 litigat
735 2253 767 2311 et
795 2250 979 2330 expostulet
1006 2269 1080 2313 cum

137 2338 368 2423 peccatoribus.
415 2337 505 2399 Sicut
535 2338 693 2419 propheta
718 2337 812 2400 initio
834 2339 998 2419 praefatus
1022 2345 1078 2400 est.

138 2431 181 2493 Et
207 2429 264 2491 hic
287 2426 400 2489 eodem
429 2427 526 2489 verbo
555 2427 672 2501 utitur,
713 2425 811 2488 deum
842 2432 951 2490 autem
979 2447 1079 2508 repre-

137 2517 339 2580 hendentem
365 2533 432 2577 non
462 2515 577 2591 odisse,
608 2513 665 2576 sed
688 2515 839 2592 revereri,
864 2516 894 2577 ei
916 2535 1026 2596 parere
1050 2521 1082 2577 et

135 2605 275 2686 obsequi
298 2604 463 2666 debemus.
511 2604 574 2678 Qui
597 2604 659 2665 hoc
682 2623 749 2666 non
764 2603 896 2682 faciunt,
921 2604 1007 2688 infra
1029 2624 1080 2666 au-

9 2728 10 2746 r
134 2695 239 2771 dient,
265 2694 359 2774 quale
382 2693 540 2754 iudicium
562 2710 617 2755 eoa
639 2699 779 2755 maneat.

228 2775 292 2846 Sed
314 2783 409 2862 longe
429 2780 574 2861 iniquius
597 2782 706 2844 ferunt
725 2781 1005 2864 reprehensionem
1030 2782 1081 2844 ed·

9 2906 14 2923 ·
139 2873 271 2936 versarii
294 2871 404 2948 nostri,
428 2871 485 2950 qui
501 2871 635 2933 verbum
659 2889 725 2933 non
748 2870 878 2934 hebent.
925 2871 971 2932 Hi
994 2871 1082 2932 enim

134 2980 214 3024 omn
242 2960 381 3022 audiunt
408 2959 600 3040 reprehendi
628 2957 811 3022 idolatricos
834 2960 955 3034 cultus,
985 2960 1082 3020 etiam

139 3052 222 3112 ferro
252 3049 398 3122 doctores
432 3049 545 3111 volunt
572 3063 782 3128 compescere.
835 3048 920 3110 Nota
954 3066 1082 3126 quoque

133 3139 291 3220 exempla
309 3143 390 3200 sunt
404 3143 549 3200 veterum
569 3136 809 3218 prophetarum,
834 3136 933 3212 Elias,
958 3137 1081 3212 Esaiae,

140 3229 305 3303 Ieremiae‚
329 3226 419 3288 etin
441 3245 527 3288 novo
545 3231 739 3288 testamento
761 3225 895 3288 historia
910 3225 1029 3287 Christi
1053 3231 1084 3287 et

138 3317 360 3398 apostolorum
375 3315 453 3378 satis
467 3319 612 3390 testatur,
637 3331 704 3392 quo
728 3314 837 3376 animo
857 3314 958 3376 iustas
981 3333 1082 3394 repre-

160 3406 314 3468 ensiones
344 3404 502 3484 acceperit
531 3422 702 3483 synagoga.
749 3402 802 3466 Ad
831 3403 918 3464 hune
948 3401 1084 3464 modum

168 3514 202 3557 oc
224 3495 261 3556 in
283 3494 354 3556 loco
377 3492 518 3555 ostendit
539 3493 656 3567 Hosea,
685 3491 756 3571 pios
779 3491 923 3554 doctores
947 3511 1013 3552 non
1036 3509 1083 3552 ea-

168 3590 256 3646 turos
280 3581 445 3664 perieulis,
470 3582 498 3643 si
520 3580 642 3643 faciant
665 3581 817 3657 officium,
842 3599 919 3642 nam
942 3579 1085 3642 mundus

164 3673 317 3754 npatiens
340 3669 634 3751 reprehensionum.
