<?xml version="1.0" encoding="UTF-8"?>
<!DOCTYPE html PUBLIC "-//W3C//DTD XHTML 1.0 Transitional//EN"
    "http://www.w3.org/TR/xhtml1/DTD/xhtml1-transitional.dtd">
<html xmlns="http://www.w3.org/1999/xhtml" xml:lang="en" lang="en">
 <head>
  <title>
</title>
<meta http-equiv="Content-Type" content="text/html;charset=utf-8" />
  <meta name='ocr-system' content='tesseract 3.04.00' />
  <meta name='ocr-capabilities' content='ocr_page ocr_carea ocr_par ocr_line ocrx_word'/>
</head>
<body>
  <div class='ocr_page' id='page_1' title='image "./exegeticaoperal13luthgoog_0250.png"; bbox 0 0 2575 4225; ppageno 0'>
   <div class='ocr_carea' id='block_1_1' title="bbox 420 260 1060 348">
    <p class='ocr_par' dir='ltr' id='par_1_1' title="bbox 420 260 1060 348">
     <span class='ocr_line' id='line_1_1' title="bbox 420 260 1060 348; baseline 0.008 -19"><span class='ocrx_word' id='word_1_1' title='bbox 420 260 549 331; x_wconf 78' lang='lat' dir='ltr'>Hoseae</span> <span class='ocrx_word' id='word_1_2' title='bbox 572 264 757 348; x_wconf 78' lang='lat' dir='ltr'>prophetae.</span> <span class='ocrx_word' id='word_1_3' title='bbox 993 266 1060 345; x_wconf 74' lang='grc'>239</span> 
     </span>
    </p>
   </div>
   <div class='ocr_carea' id='block_1_2' title="bbox 115 438 1094 613">
    <p class='ocr_par' dir='ltr' id='par_1_2' title="bbox 115 438 1094 613">
     <span class='ocr_line' id='line_1_2' title="bbox 115 438 1060 523; baseline 0.003 -19"><span class='ocrx_word' id='word_1_4' title='bbox 115 438 284 515; x_wconf 83' lang='lat' dir='ltr'>rationem,</span> <span class='ocrx_word' id='word_1_5' title='bbox 307 444 341 503; x_wconf 90' lang='lat' dir='ltr'>et</span> <span class='ocrx_word' id='word_1_6' title='bbox 363 439 571 523; x_wconf 75' lang='lat' dir='ltr'>experiuntur</span> <span class='ocrx_word' id='word_1_7' title='bbox 585 440 710 523; x_wconf 86' lang='lat' dir='ltr'>peccati</span> <span class='ocrx_word' id='word_1_8' title='bbox 724 441 882 519; x_wconf 88' lang='lat' dir='ltr'>stimulos,</span> <span class='ocrx_word' id='word_1_9' title='bbox 908 462 990 523; x_wconf 87' lang='lat' dir='ltr'>quos</span> <span class='ocrx_word' id='word_1_10' title='bbox 1005 446 1060 508; x_wconf 83' lang='lat' dir='ltr'>lex</span> 
     </span>
     <span class='ocr_line' id='line_1_3' title="bbox 116 526 1094 613; baseline -0.001 -16"><span class='ocrx_word' id='word_1_11' title='bbox 116 526 212 597; x_wconf 75' lang='lat' dir='ltr'>acuit</span> <span class='ocrx_word' id='word_1_12' title='bbox 259 527 326 596; x_wconf 81' lang='lat' dir='ltr'>Nec</span> <span class='ocrx_word' id='word_1_13' title='bbox 355 528 434 595; x_wconf 77' lang='lat' dir='ltr'>aas</span> <span class='ocrx_word' id='word_1_14' title='bbox 463 534 513 597; x_wconf 84' lang='lat' dir='ltr'>eet</span> <span class='ocrx_word' id='word_1_15' title='bbox 545 529 646 595; x_wconf 86' lang='lat' dir='ltr'>semel</span> <span class='ocrx_word' id='word_1_16' title='bbox 679 529 761 595; x_wconf 85' lang='lat' dir='ltr'>haee</span> <span class='ocrx_word' id='word_1_17' title='bbox 793 537 942 613; x_wconf 81' lang='lat' dir='ltr'>expertos</span> <span class='ocrx_word' id='word_1_18' title='bbox 976 552 1059 611; x_wconf 83' lang='lat' dir='ltr'>esse,</span> <span class='ocrx_word' id='word_1_19' title='bbox 1091 555 1094 566; x_wconf 66' lang='lat'>,</span> 
     </span>
    </p>
   </div>
   <div class='ocr_carea' id='block_1_3' title="bbox 20 615 1060 702">
    <p class='ocr_par' dir='ltr' id='par_1_3' title="bbox 20 615 1060 702">
     <span class='ocr_line' id='line_1_4' title="bbox 20 615 1060 702; baseline 0.005 -18"><span class='ocrx_word' id='word_1_20' title='bbox 20 634 24 640; x_wconf 83' lang='lat'>&#39;</span> <span class='ocrx_word' id='word_1_21' title='bbox 116 615 261 702; x_wconf 80' lang='lat' dir='ltr'><strong>quotidie</strong></span> <span class='ocrx_word' id='word_1_22' title='bbox 287 635 390 681; x_wconf 82' lang='lat' dir='ltr'>novae</span> <span class='ocrx_word' id='word_1_23' title='bbox 416 636 545 701; x_wconf 79' lang='lat' dir='ltr'>pugnae</span> <span class='ocrx_word' id='word_1_24' title='bbox 572 624 764 695; x_wconf 85' lang='lat' dir='ltr'>naseuntur,</span> <span class='ocrx_word' id='word_1_25' title='bbox 800 620 946 699; x_wconf 77' lang='lat' dir='ltr'>quotidie</span> <span class='ocrx_word' id='word_1_26' title='bbox 972 642 1060 691; x_wconf 81' lang='lat' dir='ltr'>nova</span> 
     </span>
    </p>
   </div>
   <div class='ocr_carea' id='block_1_4' title="bbox 53 702 1059 2564">
    <p class='ocr_par' dir='ltr' id='par_1_4' title="bbox 112 702 1059 1485">
     <span class='ocr_line' id='line_1_5' title="bbox 115 702 1059 793; baseline 0.005 -21"><span class='ocrx_word' id='word_1_27' title='bbox 115 705 258 793; x_wconf 73' lang='lat' dir='ltr'>pesieula</span> <span class='ocrx_word' id='word_1_28' title='bbox 283 713 429 786; x_wconf 82' lang='lat' dir='ltr'>surgunt.</span> <span class='ocrx_word' id='word_1_29' title='bbox 476 706 565 771; x_wconf 83' lang='lat' dir='ltr'>Sicut</span> <span class='ocrx_word' id='word_1_30' title='bbox 593 707 672 788; x_wconf 81' lang='lat' dir='ltr'>psal.</span> <span class='ocrx_word' id='word_1_31' title='bbox 703 702 775 771; x_wconf 78' lang='grc' dir='ltr'>42.ι</span> <span class='ocrx_word' id='word_1_32' title='bbox 807 709 967 787; x_wconf 73' lang='lat' dir='ltr'>ostendit,</span> <span class='ocrx_word' id='word_1_33' title='bbox 999 710 1059 793; x_wconf 87' lang='lat' dir='ltr'>qui</span> 
     </span>
     <span class='ocr_line' id='line_1_6' title="bbox 114 794 1057 879; baseline 0.002 -15"><span class='ocrx_word' id='word_1_34' title='bbox 114 794 309 864; x_wconf 67' lang='lat' dir='ltr'>tentationes</span> <span class='ocrx_word' id='word_1_35' title='bbox 332 801 497 878; x_wconf 84' lang='lat' dir='ltr'>comparat</span> <span class='ocrx_word' id='word_1_36' title='bbox 518 795 713 879; x_wconf 87' lang='lat' dir='ltr'>tempestati,</span> <span class='ocrx_word' id='word_1_37' title='bbox 737 796 772 861; x_wconf 87' lang='lat' dir='ltr'>in</span> <span class='ocrx_word' id='word_1_38' title='bbox 795 816 860 877; x_wconf 88' lang='lat' dir='ltr'>qua</span> <span class='ocrx_word' id='word_1_39' title='bbox 882 798 999 865; x_wconf 85' lang='lat' dir='ltr'>fluctus</span> <span class='ocrx_word' id='word_1_40' title='bbox 1015 819 1057 867; x_wconf 81' lang='lat' dir='ltr'>ex</span> 
     </span>
     <span class='ocr_line' id='line_1_7' title="bbox 114 882 1058 965; baseline 0 -13"><span class='ocrx_word' id='word_1_41' title='bbox 114 882 266 952; x_wconf 84' lang='lat' dir='ltr'>fiuctibus</span> <span class='ocrx_word' id='word_1_42' title='bbox 280 884 380 948; x_wconf 87' lang='lat' dir='ltr'>veluti</span> <span class='ocrx_word' id='word_1_43' title='bbox 400 889 586 960; x_wconf 83' lang='lat' dir='ltr'>nascuntur,</span> <span class='ocrx_word' id='word_1_44' title='bbox 610 890 643 949; x_wconf 90' lang='lat' dir='ltr'>et</span> <span class='ocrx_word' id='word_1_45' title='bbox 657 904 779 965; x_wconf 82' lang='lat' dir='ltr'>magna</span> <span class='ocrx_word' id='word_1_46' title='bbox 792 887 876 949; x_wconf 92' lang='lat' dir='ltr'>mole</span> <span class='ocrx_word' id='word_1_47' title='bbox 892 907 926 951; x_wconf 91' lang='lat' dir='ltr'>ss</span> <span class='ocrx_word' id='word_1_48' title='bbox 940 894 1058 953; x_wconf 91' lang='lat' dir='ltr'>mutuo</span> 
     </span>
     <span class='ocr_line' id='line_1_8' title="bbox 113 971 1056 1058; baseline 0.01 -24"><span class='ocrx_word' id='word_1_49' title='bbox 113 971 236 1051; x_wconf 78' lang='lat' dir='ltr'>urgent</span> <span class='ocrx_word' id='word_1_50' title='bbox 251 990 289 1035; x_wconf 85' lang='lat' dir='ltr'>ac</span> <span class='ocrx_word' id='word_1_51' title='bbox 311 971 493 1055; x_wconf 86' lang='lat' dir='ltr'>impellunt.</span> <span class='ocrx_word' id='word_1_52' title='bbox 539 973 691 1054; x_wconf 84' lang='lat' dir='ltr'>Undique</span> <span class='ocrx_word' id='word_1_53' title='bbox 714 975 814 1056; x_wconf 82' lang='lat' dir='ltr'>igitur</span> <span class='ocrx_word' id='word_1_54' title='bbox 834 975 882 1056; x_wconf 89' lang='lat' dir='ltr'>pii</span> <span class='ocrx_word' id='word_1_55' title='bbox 897 978 1056 1058; x_wconf 63' lang='lat' dir='ltr'>anamais</span> 
     </span>
     <span class='ocr_line' id='line_1_9' title="bbox 114 1061 1056 1144; baseline 0.004 -20"><span class='ocrx_word' id='word_1_56' title='bbox 114 1061 196 1144; x_wconf 84' lang='lat' dir='ltr'>septi</span> <span class='ocrx_word' id='word_1_57' title='bbox 224 1067 315 1138; x_wconf 87' lang='lat' dir='ltr'>sunt,</span> <span class='ocrx_word' id='word_1_58' title='bbox 351 1061 435 1126; x_wconf 89' lang='lat' dir='ltr'>sicut</span> <span class='ocrx_word' id='word_1_59' title='bbox 463 1061 626 1142; x_wconf 86' lang='lat' dir='ltr'>apostolus</span> <span class='ocrx_word' id='word_1_60' title='bbox 663 1082 792 1143; x_wconf 90' lang='lat' dir='ltr'>quoque</span> <span class='ocrx_word' id='word_1_61' title='bbox 827 1063 922 1128; x_wconf 86' lang='lat' dir='ltr'>dicit:</span> <span class='ocrx_word' id='word_1_62' title='bbox 965 1066 1056 1128; x_wconf 84' lang='lat' dir='ltr'>Foris</span> 
     </span>
     <span class='ocr_line' id='line_1_10' title="bbox 113 1142 1057 1236; baseline 0.004 -21"><span class='ocrx_word' id='word_1_63' title='bbox 113 1168 256 1236; x_wconf 80' lang='lat' dir='ltr'>pugnae,</span> <span class='ocrx_word' id='word_1_64' title='bbox 287 1149 377 1213; x_wconf 88' lang='lat' dir='ltr'>intus</span> <span class='ocrx_word' id='word_1_65' title='bbox 398 1142 527 1234; x_wconf 78' lang='lat' dir='ltr'>pavor.²</span> <span class='ocrx_word' id='word_1_66' title='bbox 576 1150 658 1224; x_wconf 83' lang='lat' dir='ltr'>Quis</span> <span class='ocrx_word' id='word_1_67' title='bbox 680 1156 789 1215; x_wconf 86' lang='lat' dir='ltr'>autem</span> <span class='ocrx_word' id='word_1_68' title='bbox 812 1160 978 1217; x_wconf 79' lang='lat' dir='ltr'>enumeret</span> <span class='ocrx_word' id='word_1_69' title='bbox 999 1154 1057 1219; x_wconf 84' lang='lat' dir='ltr'>iila</span> 
     </span>
     <span class='ocr_line' id='line_1_11' title="bbox 112 1238 1054 1323; baseline 0.004 -21"><span class='ocrx_word' id='word_1_70' title='bbox 112 1238 319 1302; x_wconf 83' lang='lat' dir='ltr'>incommoda</span> <span class='ocrx_word' id='word_1_71' title='bbox 340 1258 511 1321; x_wconf 87' lang='lat' dir='ltr'>corporum</span> <span class='ocrx_word' id='word_1_72' title='bbox 533 1246 566 1304; x_wconf 89' lang='lat' dir='ltr'>et</span> <span class='ocrx_word' id='word_1_73' title='bbox 588 1240 747 1316; x_wconf 74' lang='lat' dir='ltr'>fortunae,</span> <span class='ocrx_word' id='word_1_74' title='bbox 771 1240 890 1323; x_wconf 88' lang='lat' dir='ltr'>quibus</span> <span class='ocrx_word' id='word_1_75' title='bbox 908 1261 1054 1306; x_wconf 79' lang='lat' dir='ltr'>exercen-</span> 
     </span>
     <span class='ocr_line' id='line_1_12' title="bbox 112 1326 1055 1412; baseline 0.007 -24"><span class='ocrx_word' id='word_1_76' title='bbox 112 1331 172 1412; x_wconf 47' lang='lat' dir='ltr'>m,</span> <span class='ocrx_word' id='word_1_77' title='bbox 186 1327 250 1408; x_wconf 91' lang='lat' dir='ltr'>pii,</span> <span class='ocrx_word' id='word_1_78' title='bbox 279 1326 363 1393; x_wconf 89' lang='lat' dir='ltr'>sicut</span> <span class='ocrx_word' id='word_1_79' title='bbox 384 1327 560 1395; x_wconf 81' lang='lat' dir='ltr'>ostendunt</span> <span class='ocrx_word' id='word_1_80' title='bbox 585 1329 749 1411; x_wconf 86' lang='lat' dir='ltr'>exempla,</span> <span class='ocrx_word' id='word_1_81' title='bbox 780 1329 853 1406; x_wconf 92' lang='lat' dir='ltr'>Iob,</span> <span class='ocrx_word' id='word_1_82' title='bbox 884 1330 995 1395; x_wconf 77' lang='lat' dir='ltr'>Lazari</span> <span class='ocrx_word' id='word_1_83' title='bbox 1022 1338 1055 1395; x_wconf 90' lang='lat' dir='ltr'>et</span> 
     </span>
     <span class='ocr_line' id='line_1_13' title="bbox 112 1415 260 1485; baseline -0.034 0"><span class='ocrx_word' id='word_1_84' title='bbox 112 1415 260 1485; x_wconf 72' lang='lat' dir='ltr'>oliorum.</span> 
     </span>
    </p>

    <p class='ocr_par' dir='ltr' id='par_1_5' title="bbox 53 1504 1054 2564">
     <span class='ocr_line' id='line_1_14' title="bbox 199 1504 1053 1592; baseline 0.006 -24"><span class='ocrx_word' id='word_1_85' title='bbox 199 1504 470 1592; x_wconf 84' lang='lat' dir='ltr'>Haucecclesiae</span> <span class='ocrx_word' id='word_1_86' title='bbox 492 1524 550 1569; x_wconf 89' lang='lat' dir='ltr'>seu</span> <span class='ocrx_word' id='word_1_87' title='bbox 572 1504 790 1571; x_wconf 85' lang='lat' dir='ltr'>conditionem</span> <span class='ocrx_word' id='word_1_88' title='bbox 805 1526 862 1571; x_wconf 87' lang='lat' dir='ltr'>seu</span> <span class='ocrx_word' id='word_1_89' title='bbox 888 1508 1053 1573; x_wconf 86' lang='lat' dir='ltr'>fortunam</span> 
     </span>
     <span class='ocr_line' id='line_1_15' title="bbox 111 1593 1054 1675; baseline -0.001 -13"><span class='ocrx_word' id='word_1_90' title='bbox 111 1593 254 1662; x_wconf 75' lang='lat' dir='ltr'>ostendit</span> <span class='ocrx_word' id='word_1_91' title='bbox 291 1593 449 1675; x_wconf 82' lang='lat' dir='ltr'>propheta</span> <span class='ocrx_word' id='word_1_92' title='bbox 486 1613 561 1660; x_wconf 84' lang='lat' dir='ltr'>oum</span> <span class='ocrx_word' id='word_1_93' title='bbox 598 1594 677 1660; x_wconf 81' lang='lat' dir='ltr'>facit</span> <span class='ocrx_word' id='word_1_94' title='bbox 716 1596 915 1665; x_wconf 84' lang='lat' dir='ltr'>mentionem</span> <span class='ocrx_word' id='word_1_95' title='bbox 959 1598 1054 1663; x_wconf 86' lang='lat' dir='ltr'>vallis</span> 
     </span>
     <span class='ocr_line' id='line_1_16' title="bbox 110 1682 1054 1768; baseline 0.002 -21"><span class='ocrx_word' id='word_1_96' title='bbox 110 1683 227 1768; x_wconf 74' lang='lat' dir='ltr'>Achon.</span> <span class='ocrx_word' id='word_1_97' title='bbox 273 1683 339 1745; x_wconf 88' lang='lat' dir='ltr'>Nec</span> <span class='ocrx_word' id='word_1_98' title='bbox 362 1682 502 1745; x_wconf 86' lang='lat' dir='ltr'>absurda</span> <span class='ocrx_word' id='word_1_99' title='bbox 524 1682 622 1748; x_wconf 81' lang='lat' dir='ltr'>etiam</span> <span class='ocrx_word' id='word_1_100' title='bbox 636 1683 717 1747; x_wconf 87' lang='lat' dir='ltr'>haec</span> <span class='ocrx_word' id='word_1_101' title='bbox 732 1684 955 1749; x_wconf 83' lang='lat' dir='ltr'>similitudinis</span> <span class='ocrx_word' id='word_1_102' title='bbox 970 1686 1054 1753; x_wconf 88' lang='lat' dir='ltr'>ratio</span> 
     </span>
     <span class='ocr_line' id='line_1_17' title="bbox 110 1770 1051 1857; baseline 0.006 -24"><span class='ocrx_word' id='word_1_103' title='bbox 110 1777 167 1848; x_wconf 71' lang='lat' dir='ltr'>est,</span> <span class='ocrx_word' id='word_1_104' title='bbox 184 1770 281 1853; x_wconf 85' lang='lat' dir='ltr'>quod</span> <span class='ocrx_word' id='word_1_105' title='bbox 304 1772 444 1857; x_wconf 87' lang='lat' dir='ltr'>populus</span> <span class='ocrx_word' id='word_1_106' title='bbox 458 1772 557 1835; x_wconf 85' lang='lat' dir='ltr'>Israel</span> <span class='ocrx_word' id='word_1_107' title='bbox 579 1778 710 1855; x_wconf 85' lang='lat' dir='ltr'>propter</span> <span class='ocrx_word' id='word_1_108' title='bbox 731 1772 829 1843; x_wconf 83' lang='lat' dir='ltr'>unius</span> <span class='ocrx_word' id='word_1_109' title='bbox 843 1774 958 1838; x_wconf 87' lang='lat' dir='ltr'>Achan</span> <span class='ocrx_word' id='word_1_110' title='bbox 981 1794 1051 1855; x_wconf 85' lang='lat' dir='ltr'>pee-</span> 
     </span>
     <span class='ocr_line' id='line_1_18' title="bbox 110 1860 1051 1943; baseline -0.002 -16"><span class='ocrx_word' id='word_1_111' title='bbox 110 1866 220 1927; x_wconf 81' lang='lat' dir='ltr'>satum</span> <span class='ocrx_word' id='word_1_112' title='bbox 242 1860 290 1923; x_wconf 88' lang='lat' dir='ltr'>sie</span> <span class='ocrx_word' id='word_1_113' title='bbox 311 1860 468 1926; x_wconf 84' lang='lat' dir='ltr'>turbatur.</span> <span class='ocrx_word' id='word_1_114' title='bbox 514 1860 586 1925; x_wconf 80' lang='lat' dir='ltr'>Etsi</span> <span class='ocrx_word' id='word_1_115' title='bbox 607 1861 695 1923; x_wconf 85' lang='lat' dir='ltr'>enim</span> <span class='ocrx_word' id='word_1_116' title='bbox 719 1861 851 1925; x_wconf 88' lang='lat' dir='ltr'>ecelesia</span> <span class='ocrx_word' id='word_1_117' title='bbox 873 1882 941 1927; x_wconf 89' lang='lat' dir='ltr'>non</span> <span class='ocrx_word' id='word_1_118' title='bbox 970 1864 1051 1943; x_wconf 88' lang='lat' dir='ltr'>pati·</span> 
     </span>
     <span class='ocr_line' id='line_1_19' title="bbox 108 1948 1052 2026; baseline -0.001 -9"><span class='ocrx_word' id='word_1_119' title='bbox 108 1956 161 2017; x_wconf 80' lang='lat' dir='ltr'>nn</span> <span class='ocrx_word' id='word_1_120' title='bbox 191 1969 251 2013; x_wconf 91' lang='lat' dir='ltr'>suo</span> <span class='ocrx_word' id='word_1_121' title='bbox 277 1950 408 2025; x_wconf 87' lang='lat' dir='ltr'>merito,</span> <span class='ocrx_word' id='word_1_122' title='bbox 441 1948 526 2013; x_wconf 89' lang='lat' dir='ltr'>sicut</span> <span class='ocrx_word' id='word_1_123' title='bbox 551 1949 738 2026; x_wconf 77' lang='lat' dir='ltr'>facinorosi,</span> <span class='ocrx_word' id='word_1_124' title='bbox 770 1955 881 2013; x_wconf 87' lang='lat' dir='ltr'>tamen</span> <span class='ocrx_word' id='word_1_125' title='bbox 903 1951 1052 2016; x_wconf 87' lang='lat' dir='ltr'>omnium</span> 
     </span>
     <span class='ocr_line' id='line_1_20' title="bbox 109 2038 1054 2122; baseline 0.003 -22"><span class='ocrx_word' id='word_1_126' title='bbox 109 2038 331 2106; x_wconf 79' lang='lat' dir='ltr'>calamitatum</span> <span class='ocrx_word' id='word_1_127' title='bbox 354 2057 450 2104; x_wconf 86' lang='lat' dir='ltr'>eausa</span> <span class='ocrx_word' id='word_1_128' title='bbox 478 2044 528 2101; x_wconf 88' lang='lat' dir='ltr'>est</span> <span class='ocrx_word' id='word_1_129' title='bbox 556 2043 740 2122; x_wconf 86' lang='lat' dir='ltr'>peccatum,</span> <span class='ocrx_word' id='word_1_130' title='bbox 772 2038 860 2120; x_wconf 91' lang='lat' dir='ltr'>quod</span> <span class='ocrx_word' id='word_1_131' title='bbox 890 2059 910 2103; x_wconf 90' lang='lat' dir='ltr'>a</span> <span class='ocrx_word' id='word_1_132' title='bbox 935 2039 1054 2122; x_wconf 80' lang='lat' dir='ltr'>primis</span> 
     </span>
     <span class='ocr_line' id='line_1_21' title="bbox 108 2127 1051 2215; baseline -0.003 -21"><span class='ocrx_word' id='word_1_133' title='bbox 108 2128 298 2215; x_wconf 74' lang='lat' dir='ltr'>parentibus</span> <span class='ocrx_word' id='word_1_134' title='bbox 320 2128 356 2192; x_wconf 91' lang='lat' dir='ltr'>in</span> <span class='ocrx_word' id='word_1_135' title='bbox 378 2147 438 2190; x_wconf 89' lang='lat' dir='ltr'>nos</span> <span class='ocrx_word' id='word_1_136' title='bbox 460 2127 641 2192; x_wconf 87' lang='lat' dir='ltr'>derivatum</span> <span class='ocrx_word' id='word_1_137' title='bbox 664 2133 729 2205; x_wconf 88' lang='lat' dir='ltr'>est,</span> <span class='ocrx_word' id='word_1_138' title='bbox 760 2135 793 2194; x_wconf 88' lang='lat' dir='ltr'>et</span> <span class='ocrx_word' id='word_1_139' title='bbox 821 2129 918 2212; x_wconf 82' lang='lat' dir='ltr'>variis</span> <span class='ocrx_word' id='word_1_140' title='bbox 947 2129 1051 2194; x_wconf 76' lang='lat' dir='ltr'>erucis</span> 
     </span>
     <span class='ocr_line' id='line_1_22' title="bbox 53 2216 1049 2300; baseline 0.002 -21"><span class='ocrx_word' id='word_1_141' title='bbox 53 2242 57 2246; x_wconf 50' lang='lat'><strong><em>⁴</em></strong></span> <span class='ocrx_word' id='word_1_142' title='bbox 108 2217 260 2287; x_wconf 74' lang='lat' dir='ltr'>temediis</span> <span class='ocrx_word' id='word_1_143' title='bbox 294 2230 376 2300; x_wconf 84' lang='lat' dir='ltr'>opus</span> <span class='ocrx_word' id='word_1_144' title='bbox 409 2216 522 2293; x_wconf 83' lang='lat' dir='ltr'>habet,</span> <span class='ocrx_word' id='word_1_145' title='bbox 560 2223 599 2281; x_wconf 89' lang='lat' dir='ltr'>ut</span> <span class='ocrx_word' id='word_1_146' title='bbox 634 2217 793 2298; x_wconf 77' lang='lat' dir='ltr'>pausum</span> <span class='ocrx_word' id='word_1_147' title='bbox 829 2218 1049 2286; x_wconf 86' lang='lat' dir='ltr'>mortificetur.</span> 
     </span>
     <span class='ocr_line' id='line_1_23' title="bbox 108 2304 1049 2391; baseline 0 -21"><span class='ocrx_word' id='word_1_148' title='bbox 108 2305 218 2391; x_wconf 76' lang='lat' dir='ltr'>Sancti</span> <span class='ocrx_word' id='word_1_149' title='bbox 240 2306 328 2370; x_wconf 87' lang='lat' dir='ltr'>enim</span> <span class='ocrx_word' id='word_1_150' title='bbox 350 2311 422 2368; x_wconf 92' lang='lat' dir='ltr'>tum</span> <span class='ocrx_word' id='word_1_151' title='bbox 444 2305 587 2368; x_wconf 85' lang='lat' dir='ltr'>maxime</span> <span class='ocrx_word' id='word_1_152' title='bbox 613 2304 764 2388; x_wconf 89' lang='lat' dir='ltr'>periculis</span> <span class='ocrx_word' id='word_1_153' title='bbox 794 2307 933 2388; x_wconf 81' lang='lat' dir='ltr'>expositi</span> <span class='ocrx_word' id='word_1_154' title='bbox 962 2313 1049 2384; x_wconf 87' lang='lat' dir='ltr'>sunt,</span> 
     </span>
     <span class='ocr_line' id='line_1_24' title="bbox 108 2394 1047 2471; baseline 0 -13"><span class='ocrx_word' id='word_1_155' title='bbox 108 2415 182 2458; x_wconf 85' lang='lat' dir='ltr'>cum</span> <span class='ocrx_word' id='word_1_156' title='bbox 217 2395 392 2457; x_wconf 90' lang='lat' dir='ltr'>minimum</span> <span class='ocrx_word' id='word_1_157' title='bbox 426 2394 580 2457; x_wconf 86' lang='lat' dir='ltr'>sentiunt</span> <span class='ocrx_word' id='word_1_158' title='bbox 607 2395 833 2458; x_wconf 84' lang='lat' dir='ltr'>tentationum.</span> <span class='ocrx_word' id='word_1_159' title='bbox 884 2396 928 2458; x_wconf 83' lang='lat' dir='ltr'>Et</span> <span class='ocrx_word' id='word_1_160' title='bbox 965 2415 1047 2471; x_wconf 87' lang='lat' dir='ltr'>caro,</span> 
     </span>
     <span class='ocr_line' id='line_1_25' title="bbox 106 2482 1048 2564; baseline -0.005 -12"><span class='ocrx_word' id='word_1_161' title='bbox 106 2484 171 2552; x_wconf 65' lang='lat' dir='ltr'>aaa</span> <span class='ocrx_word' id='word_1_162' title='bbox 194 2489 379 2551; x_wconf 77' lang='lat' dir='ltr'>’exerceatur</span> <span class='ocrx_word' id='word_1_163' title='bbox 404 2482 603 2563; x_wconf 80' lang='lat' dir='ltr'>quotidianis</span> <span class='ocrx_word' id='word_1_164' title='bbox 630 2483 860 2559; x_wconf 85' lang='lat' dir='ltr'>incommodis,</span> <span class='ocrx_word' id='word_1_165' title='bbox 890 2483 1048 2564; x_wconf 82' lang='lat' dir='ltr'>paulatim</span> 
     </span>
    </p>
   </div>
   <div class='ocr_carea' id='block_1_5' title="bbox 16 2571 1047 2652">
    <p class='ocr_par' dir='ltr' id='par_1_6' title="bbox 16 2571 1047 2652">
     <span class='ocr_line' id='line_1_26' title="bbox 16 2571 1047 2652; baseline 0 -19"><span class='ocrx_word' id='word_1_166' title='bbox 16 2617 18 2623; x_wconf 34' lang='lat' dir='ltr'><strong><em>s</em></strong></span> <span class='ocrx_word' id='word_1_167' title='bbox 106 2573 227 2642; x_wconf 77' lang='lat' dir='ltr'>inbitur</span> <span class='ocrx_word' id='word_1_168' title='bbox 248 2574 285 2640; x_wconf 89' lang='lat' dir='ltr'>in</span> <span class='ocrx_word' id='word_1_169' title='bbox 307 2572 521 2648; x_wconf 82' lang='lat' dir='ltr'>securitatem,</span> <span class='ocrx_word' id='word_1_170' title='bbox 544 2577 577 2634; x_wconf 88' lang='lat' dir='ltr'>et</span> <span class='ocrx_word' id='word_1_171' title='bbox 599 2578 719 2652; x_wconf 87' lang='lat' dir='ltr'>peccat.</span> <span class='ocrx_word' id='word_1_172' title='bbox 765 2571 868 2651; x_wconf 80' lang='lat' dir='ltr'>Igitur</span> <span class='ocrx_word' id='word_1_173' title='bbox 883 2571 962 2636; x_wconf 90' lang='lat' dir='ltr'>deus</span> <span class='ocrx_word' id='word_1_174' title='bbox 981 2575 1047 2634; x_wconf 86' lang='lat' dir='ltr'>tan-</span> 
     </span>
    </p>
   </div>
   <div class='ocr_carea' id='block_1_6' title="bbox 107 2660 1054 3398">
    <p class='ocr_par' dir='ltr' id='par_1_7' title="bbox 107 2660 1054 3398">
     <span class='ocr_line' id='line_1_27' title="bbox 107 2660 1052 2742; baseline -0.005 -13"><span class='ocrx_word' id='word_1_175' title='bbox 107 2681 207 2741; x_wconf 83' lang='lat' dir='ltr'>quam</span> <span class='ocrx_word' id='word_1_176' title='bbox 230 2667 323 2742; x_wconf 80' lang='lat' dir='ltr'>pater</span> <span class='ocrx_word' id='word_1_177' title='bbox 343 2661 482 2725; x_wconf 79' lang='lat' dir='ltr'>auorum</span> <span class='ocrx_word' id='word_1_178' title='bbox 505 2679 634 2736; x_wconf 86' lang='lat' dir='ltr'>amans,</span> <span class='ocrx_word' id='word_1_179' title='bbox 662 2680 737 2724; x_wconf 87' lang='lat' dir='ltr'>suos</span> <span class='ocrx_word' id='word_1_180' title='bbox 759 2660 889 2724; x_wconf 80' lang='lat' dir='ltr'>assidue</span> <span class='ocrx_word' id='word_1_181' title='bbox 911 2661 1052 2726; x_wconf 85' lang='lat' dir='ltr'>exerceri</span> 
     </span>
     <span class='ocr_line' id='line_1_28' title="bbox 108 2749 1052 2827; baseline -0.007 -8"><span class='ocrx_word' id='word_1_182' title='bbox 108 2751 199 2826; x_wconf 73' lang='lat' dir='ltr'>uiuit,</span> <span class='ocrx_word' id='word_1_183' title='bbox 235 2756 274 2815; x_wconf 88' lang='lat' dir='ltr'>ut</span> <span class='ocrx_word' id='word_1_184' title='bbox 306 2749 434 2815; x_wconf 81' lang='lat' dir='ltr'>discant</span> <span class='ocrx_word' id='word_1_185' title='bbox 460 2769 606 2815; x_wconf 81' lang='lat' dir='ltr'>exercere</span> <span class='ocrx_word' id='word_1_186' title='bbox 633 2749 733 2817; x_wconf 86' lang='lat' dir='ltr'>fidem</span> <span class='ocrx_word' id='word_1_187' title='bbox 761 2749 797 2812; x_wconf 88' lang='lat' dir='ltr'>in</span> <span class='ocrx_word' id='word_1_188' title='bbox 824 2749 984 2827; x_wconf 88' lang='lat' dir='ltr'>oratione,</span> <span class='ocrx_word' id='word_1_189' title='bbox 1018 2755 1052 2813; x_wconf 88' lang='lat' dir='ltr'>et</span> 
     </span>
     <span class='ocr_line' id='line_1_29' title="bbox 107 2837 544 2932; baseline -0.005 -29"><span class='ocrx_word' id='word_1_190' title='bbox 107 2838 304 2932; x_wconf 73' lang='lat' dir='ltr'>pacientiam</span> <span class='ocrx_word' id='word_1_191' title='bbox 326 2839 362 2905; x_wconf 88' lang='lat' dir='ltr'>in</span> <span class='ocrx_word' id='word_1_192' title='bbox 384 2837 544 2920; x_wconf 81' lang='lat' dir='ltr'>periculis.</span> 
     </span>
     <span class='ocr_line' id='line_1_30' title="bbox 108 2959 1051 3083; baseline -0.004 -57"><span class='ocrx_word' id='word_1_193' title='bbox 108 2959 179 3083; x_wconf 71' lang='lat' dir='ltr'>San</span> <span class='ocrx_word' id='word_1_194' title='bbox 209 2962 304 3039; x_wconf 83' lang='lat' dir='ltr'>dura,</span> <span class='ocrx_word' id='word_1_195' title='bbox 327 2963 466 3042; x_wconf 86' lang='lat' dir='ltr'>inquies,</span> <span class='ocrx_word' id='word_1_196' title='bbox 490 2961 746 3024; x_wconf 80' lang='lat' dir='ltr'>Christianorum</span> <span class='ocrx_word' id='word_1_197' title='bbox 770 2960 911 3027; x_wconf 87' lang='lat' dir='ltr'>conditio</span> <span class='ocrx_word' id='word_1_198' title='bbox 935 2967 996 3037; x_wconf 88' lang='lat' dir='ltr'>est,</span> <span class='ocrx_word' id='word_1_199' title='bbox 1021 2961 1051 3024; x_wconf 85' lang='lat' dir='ltr'>si·</span> 
     </span>
     <span class='ocr_line' id='line_1_31' title="bbox 160 3048 1051 3133; baseline -0.003 -18"><span class='ocrx_word' id='word_1_200' title='bbox 160 3054 225 3116; x_wconf 88' lang='lat' dir='ltr'>hoe</span> <span class='ocrx_word' id='word_1_201' title='bbox 246 3051 345 3114; x_wconf 90' lang='lat' dir='ltr'>modo</span> <span class='ocrx_word' id='word_1_202' title='bbox 367 3050 531 3133; x_wconf 84' lang='lat' dir='ltr'>perpetuis</span> <span class='ocrx_word' id='word_1_203' title='bbox 554 3049 656 3113; x_wconf 85' lang='lat' dir='ltr'>crucis</span> <span class='ocrx_word' id='word_1_204' title='bbox 673 3054 706 3111; x_wconf 87' lang='lat' dir='ltr'>et</span> <span class='ocrx_word' id='word_1_205' title='bbox 720 3048 937 3130; x_wconf 85' lang='lat' dir='ltr'>periculorum</span> <span class='ocrx_word' id='word_1_206' title='bbox 951 3048 1051 3112; x_wconf 88' lang='lat' dir='ltr'>undis</span> 
     </span>
     <span class='ocr_line' id='line_1_32' title="bbox 108 3137 1050 3214; baseline -0.004 -10"><span class='ocrx_word' id='word_1_207' title='bbox 108 3142 142 3204; x_wconf 84' lang='lat' dir='ltr'>in</span> <span class='ocrx_word' id='word_1_208' title='bbox 164 3139 291 3207; x_wconf 88' lang='lat' dir='ltr'>mundo</span> <span class='ocrx_word' id='word_1_209' title='bbox 312 3141 496 3203; x_wconf 81' lang='lat' dir='ltr'>iactantur?</span> <span class='ocrx_word' id='word_1_210' title='bbox 518 3139 664 3202; x_wconf 88' lang='lat' dir='ltr'>Profecto</span> <span class='ocrx_word' id='word_1_211' title='bbox 688 3137 777 3213; x_wconf 84' lang='lat' dir='ltr'>dura,</span> <span class='ocrx_word' id='word_1_212' title='bbox 802 3137 847 3214; x_wconf 87' lang='lat' dir='ltr'>si,</span> <span class='ocrx_word' id='word_1_213' title='bbox 871 3144 910 3200; x_wconf 90' lang='lat' dir='ltr'>ut</span> <span class='ocrx_word' id='word_1_214' title='bbox 931 3137 1050 3200; x_wconf 87' lang='lat' dir='ltr'>Paulus</span> 
     </span>
     <span class='ocr_line' id='line_1_33' title="bbox 108 3223 1052 3312; baseline -0.004 -20"><span class='ocrx_word' id='word_1_215' title='bbox 108 3231 143 3292; x_wconf 88' lang='lat' dir='ltr'>in</span> <span class='ocrx_word' id='word_1_216' title='bbox 159 3228 336 3299; x_wconf 72' lang='lat' dir='ltr'>Coninthiis</span> <span class='ocrx_word' id='word_1_217' title='bbox 358 3223 466 3305; x_wconf 77' lang='lat' dir='ltr'>dicit,⁸</span> <span class='ocrx_word' id='word_1_218' title='bbox 493 3228 576 3290; x_wconf 91' lang='lat' dir='ltr'>nihil</span> <span class='ocrx_word' id='word_1_219' title='bbox 589 3226 714 3290; x_wconf 90' lang='lat' dir='ltr'>habent</span> <span class='ocrx_word' id='word_1_220' title='bbox 728 3245 828 3306; x_wconf 90' lang='lat' dir='ltr'>quam</span> <span class='ocrx_word' id='word_1_221' title='bbox 844 3245 936 3308; x_wconf 89' lang='lat' dir='ltr'>spem</span> <span class='ocrx_word' id='word_1_222' title='bbox 951 3227 1052 3312; x_wconf 86' lang='lat' dir='ltr'>huius</span> 
     </span>
     <span class='ocr_line' id='line_1_34' title="bbox 110 3313 1054 3398; baseline -0.003 -18"><span class='ocrx_word' id='word_1_223' title='bbox 110 3318 290 3382; x_wconf 86' lang='lat' dir='ltr'>nraesentis</span> <span class='ocrx_word' id='word_1_224' title='bbox 311 3318 406 3380; x_wconf 85' lang='lat' dir='ltr'>vitae.</span> <span class='ocrx_word' id='word_1_225' title='bbox 453 3317 515 3380; x_wconf 83' lang='lat' dir='ltr'>Sed</span> <span class='ocrx_word' id='word_1_226' title='bbox 538 3317 615 3379; x_wconf 89' lang='lat' dir='ltr'>audi</span> <span class='ocrx_word' id='word_1_227' title='bbox 633 3335 729 3398; x_wconf 84' lang='lat' dir='ltr'>porro·</span> <span class='ocrx_word' id='word_1_228' title='bbox 744 3315 946 3397; x_wconf 87' lang='lat' dir='ltr'>prophetam,</span> <span class='ocrx_word' id='word_1_229' title='bbox 970 3313 1054 3396; x_wconf 87' lang='lat' dir='ltr'>quid</span> 
     </span>
    </p>
   </div>
   <div class='ocr_carea' id='block_1_7' title="bbox 171 3405 514 3477">
    <p class='ocr_par' dir='ltr' id='par_1_8' title="bbox 171 3405 514 3477">
     <span class='ocr_line' id='line_1_35' title="bbox 171 3405 514 3477; baseline -0.009 -7"><span class='ocrx_word' id='word_1_230' title='bbox 171 3408 254 3477; x_wconf 86' lang='lat' dir='ltr'>valle</span> <span class='ocrx_word' id='word_1_231' title='bbox 277 3407 385 3472; x_wconf 85' lang='lat' dir='ltr'>thor</span> <span class='ocrx_word' id='word_1_232' title='bbox 407 3405 514 3468; x_wconf 89' lang='lat' dir='ltr'>addat.</span> 
     </span>
    </p>
   </div>
   <div class='ocr_carea' id='block_1_8' title="bbox 199 3553 1053 3648">
    <p class='ocr_par' dir='ltr' id='par_1_9' title="bbox 199 3553 1053 3648">
     <span class='ocr_line' id='line_1_36' title="bbox 199 3553 1053 3648; baseline -0.001 -14"><span class='ocrx_word' id='word_1_233' title='bbox 199 3581 228 3648; x_wconf 88' lang='lat'>1)</span> <span class='ocrx_word' id='word_1_234' title='bbox 245 3581 322 3634; x_wconf 70' lang='lat' dir='ltr'>usal.</span> <span class='ocrx_word' id='word_1_235' title='bbox 340 3579 385 3632; x_wconf 72' lang='lat' dir='ltr'>aa.</span> <span class='ocrx_word' id='word_1_236' title='bbox 421 3578 449 3648; x_wconf 78' lang='lat' dir='ltr'>a)</span> <span class='ocrx_word' id='word_1_237' title='bbox 469 3578 494 3632; x_wconf 79' lang='lat' dir='ltr'>a.</span> <span class='ocrx_word' id='word_1_238' title='bbox 515 3577 577 3634; x_wconf 74' lang='lat' dir='ltr'>cor.</span> <span class='ocrx_word' id='word_1_239' title='bbox 598 3578 640 3632; x_wconf 73' lang='grc'>7.·</span> <span class='ocrx_word' id='word_1_240' title='bbox 675 3577 704 3646; x_wconf 85' lang='grc'>3)</span> <span class='ocrx_word' id='word_1_241' title='bbox 724 3579 748 3632; x_wconf 94' lang='lat'>1.</span> <span class='ocrx_word' id='word_1_242' title='bbox 769 3577 900 3634; x_wconf 67' lang='lat' dir='ltr'>sorana.</span> <span class='ocrx_word' id='word_1_243' title='bbox 918 3575 961 3633; x_wconf 79' lang='lat'>15.</span> <span class='ocrx_word' id='word_1_244' title='bbox 1050 3553 1053 3563; x_wconf 84' lang='lat'>&#39;</span> 
     </span>
    </p>
   </div>
   <div class='ocr_carea' id='block_1_9' title="bbox 199 3737 626 3806">
    <p class='ocr_par' dir='ltr' id='par_1_10' title="bbox 199 3737 626 3806">
     <span class='ocr_line' id='line_1_37' title="bbox 199 3737 626 3806; baseline -0.016 -5"><span class='ocrx_word' id='word_1_245' title='bbox 199 3742 226 3806; x_wconf 67' lang='lat' dir='ltr'>&#39;i</span> <span class='ocrx_word' id='word_1_246' title='bbox 242 3741 280 3800; x_wconf 77' lang='lat' dir='ltr'>In</span> <span class='ocrx_word' id='word_1_247' title='bbox 298 3740 361 3794; x_wconf 82' lang='lat' dir='ltr'>coll.</span> <span class='ocrx_word' id='word_1_248' title='bbox 380 3739 453 3797; x_wconf 80' lang='lat' dir='ltr'>Ien:</span> <span class='ocrx_word' id='word_1_249' title='bbox 472 3738 498 3796; x_wconf 75' lang='lat'>2.</span> <span class='ocrx_word' id='word_1_250' title='bbox 517 3737 580 3794; x_wconf 74' lang='lat' dir='ltr'>(lor.</span> <span class='ocrx_word' id='word_1_251' title='bbox 600 3738 626 3794; x_wconf 71' lang='lat'>2,</span> 
     </span>
    </p>
   </div>
   <div class='ocr_carea' id='block_1_10' title="bbox 0 0 1292 4225">
    <p class='ocr_par' dir='ltr' id='par_1_11' title="bbox 0 0 1292 4225">
     <span class='ocr_line' id='line_1_38' title="bbox 0 0 1292 4225; baseline 0 3"><span class='ocrx_word' id='word_1_252' title='bbox 0 0 1292 4225; x_wconf 95' lang='lat' dir='ltr'> </span> 
     </span>
    </p>
   </div>
  </div>
 </body>
</html>
