2575 4225
450 219 576 281 Hoscae
599 219 783 300 prophetae.
1020 219 1083 284 267

143 396 295 461 offerunt.
342 397 394 458 An
416 414 482 457 non
503 395 584 459 haec
606 395 743 475 insignis
765 395 961 475 ingratitudo
985 404 1018 459 et
1032 398 1084 461 ab·

144 484 356 549 hominabilis
383 484 513 547 malicia
542 486 613 548 est?
659 483 723 547 Sed
750 504 815 547 non
838 484 911 547 idco
934 485 1084 549 abiiciam

144 575 305 659 populum
326 573 424 648 hunc,
448 591 576 635 summo
598 592 706 637 amore
729 592 804 635 curn
827 574 1028 655 complectar,
1053 581 1086 638 ct
1178 586 1182 592 ’

142 663 323 741 adiungam
344 680 420 723 eum
441 662 534 738 mihi,
557 681 594 724 ac
610 662 638 725 si
654 661 736 723 nihil
750 680 896 741 unquam
912 669 1085 745 peccasset,

240 745 348 813 ¹Haec
370 749 513 831 profacto
541 750 675 815 illustris
703 743 938 815 misericordiae
965 752 1084 831 signifi·

142 840 227 903 catio
259 845 323 916 est,
357 839 448 919 quod
474 845 542 903 tarn
568 838 700 901 foedam
728 838 906 903 adulteram
933 840 1084 903 dominus

143 934 281 995 testatur
303 948 337 990 se
361 948 427 991 non
450 928 659 1003 abiecturum,
684 926 741 990 sed
756 927 862 991 denuo
878 948 986 991 amore
1004 930 1084 993 velle

142 1016 326 1098 complecti.
371 1016 486 1079 Nonne
508 1017 597 1079 enim
620 1014 816 1079 adulterium
831 1016 898 1079 odii
913 1024 1083 1094 causaest,

142 1112 177 1169 et
205 1104 346 1168 concitat
374 1104 529 1167 maritum
558 1104 600 1167 ad
629 1105 749 1167 iustam
778 1104 888 1168 iram?
934 1104 997 1169 Sed
1030 1106 1085 1168 hic

142 1194 337 1276 prophetam
360 1192 453 1269 audi,
476 1193 505 1256 is
527 1214 607 1270 non,
631 1199 669 1256 ut
691 1199 802 1269 antea,
830 1194 973 1257 minatur
995 1194 1084 1257 dissi·

144 1283 310 1365 potionem
333 1282 370 1345 in
391 1287 512 1362 gentes,
536 1302 603 1345 non
625 1288 722 1361 negat
743 1282 1003 1360 misericordiam,
1028 1282 1085 1347 scd

143 1371 305 1454 promittit
334 1390 500 1435 summum
529 1391 681 1437 amorem.
733 1364 850 1433 2Αιῃοτ
880 1376 990 1435 autem
1019 1392 1084 1435 non

10 1473 13 1484 ’
141 1461 235 1537 iram,
260 1480 328 1522 non
351 1459 473 1536 odium,
496 1480 563 1522 non
585 1479 722 1543 poenas,
747 1480 813 1523 non
835 1452 994 1537 dolorem,
1019 1481 1085 1524 non

142 1554 279 1625 metum,
304 1548 361 1611 sed
376 1548 637 1625 misericordiam,
663 1548 808 1629 gratiam,
828 1549 1083 1626 beneficentiam,

142 1637 311 1718 gaudium,
335 1642 368 1699 ct
390 1637 521 1719 plenam
543 1636 696 1700 fiduciam
718 1637 950 1718 complectitur.

232 1726 337 1805 Igitur
370 1726 451 1787 haec
484 1727 580 1806 plena
609 1725 841 1789 consolationis
875 1726 987 1789 concio
1025 1732 1083 1802 est,

141 1835 227 1895 quac
257 1814 292 1877 id
320 1814 409 1894 quod
438 1816 606 1896 proprium
633 1821 666 1879 et
694 1814 904 1896 praecipuum
926 1814 1084 1893 evangelii

140 1910 207 1980 est,
231 1902 388 1980 ostendit,
412 1922 530 1984 nempe
553 1904 641 1984 quod
664 1903 758 1979 deus,
786 1902 870 1966 sicut
891 1903 1004 1965 Iohan.
1030 1896 1080 1964 3.³

140 1999 201 2068 est,
226 1991 342 2073 diligat
358 1991 528 2068 mundum,
553 1992 641 2071 quod
657 1992 735 2056 velit
749 1990 929 2053 condonare
941 1997 1082 2071 peccata,

140 2081 324 2162 ignoscere,
355 2085 387 2144 et
409 2080 499 2145 omni
521 2100 636 2162 genere
666 2080 894 2146 beneficiorum
921 2079 1084 2144 cumulare

142 2175 277 2252 proptor
299 2169 472 2233 Christum.
595 2219 598 2226 .

233 2258 325 2322 Sicut
346 2258 444 2338 igitur
466 2258 641 2340 prophetae
661 2257 739 2321 alibi
754 2258 919 2322 Christum
934 2258 1082 2339 pingunt,

143 2347 233 2432 quod
256 2347 299 2410 sit
322 2347 478 2423 sacerdos,
503 2347 560 2427 qui
582 2352 616 2410 et
638 2353 707 2411 orat
728 2367 786 2428 pro
809 2347 948 2428 peccatis
964 2347 1015 2409 sui
1031 2366 1083 2428 po-

143 2437 227 2518 puli,
258 2441 290 2498 et
312 2436 476 2499 sacrificet.
525 2430 634 2498 ⁴Sicut
656 2441 817 2515 pastorem
840 2435 950 2499 ovium
978 2435 1084 2514 appel-

143 2525 227 2602 lant,
260 2523 317 2606 qui
340 2544 407 2589 non
429 2523 502 2588 ideo
523 2524 676 2588 baculum
700 2529 817 2604 gestat,
845 2529 882 2586 ut
905 2541 979 2586 oves
1002 2522 1085 2584 male

142 2614 289 2694 mulctet,
313 2612 371 2675 scd
393 2619 431 2676 ut
451 2613 567 2694 lupum
590 2618 705 2689 uocat,
729 2616 762 2675 et
784 2612 830 2676 eis
845 2611 955 2692 quieta
973 2609 1086 2673 reddat

143 2721 275 2784 pascua.
322 2701 412 2763 Siout
433 2701 596 2764 doctorem
619 2707 734 2764 vocant
750 2700 906 2766 donatum
922 2699 1013 2764 suari
1027 2699 1085 2762 lin·

85 2786 94 2802 '
142 2810 222 2872 gua,
258 2795 296 2852 ut
330 2789 431 2868 erigat
457 2790 563 2854 tristes
591 2795 624 2854 et
650 2788 785 2871 pavidas
814 2794 948 2852 mentes.
995 2787 1086 2851 Siout

141 2899 254 2960 regem
276 2879 451 2960 appellant,
476 2878 533 2958 qui
554 2883 665 2940 tamen
688 2878 828 2942 afflictus
844 2878 886 2941 sit
900 2883 933 2939 et
947 2870 1081 2940 iustus⁵

143 2969 195 3032 Ita
217 2968 377 3049 propheta
398 2967 452 3030 hic
475 2985 551 3030 eum
573 2972 738 3047 comparat
760 2965 886 3041 marito,
911 2985 931 3026 a
945 2983 1010 3043 quo
1025 2965 1086 3026 etsi

139 3056 293 3120 discessit
315 3055 461 3118 adultera
482 3074 578 3132 uxor,
607 3061 641 3118 ct
661 3055 783 3118 alienos
811 3072 937 3118 amores
967 3058 1087 3114 sectata

139 3150 202 3221 est,
227 3152 339 3208 tamen
361 3142 559 3207 obliviscitur
572 3144 671 3208 huius
684 3161 829 3206 summac
844 3140 1087 3221 ingratitudinis

139 3239 177 3296 et
199 3234 351 3309 offensae,
376 3233 548 3299 etiterum
571 3252 605 3295 sa
628 3251 704 3294 cum
726 3251 765 3294 ca
787 3230 962 3309 coniungit.

234 3388 262 3456 1)
281 3388 479 3444 Misericordia
492 3387 546 3444 dei.
575 3387 604 3456 2)
623 3388 719 3442 Amor.
741 3387 770 3456 3)
783 3385 939 3454 Iohan.s3.*
966 3383 994 3452 4)
1009 3382 1088 3438 Chri—

162 3463 206 3514 tus
234 3458 383 3527 sacerdos,
409 3459 522 3528 doctor‚
547 3462 647 3526 pastor
672 3463 725 3514 etc.
762 3457 790 3526 5)
809 3459 887 3512 Deus
907 3458 1088 3524 comparatur

154 3531 256 3602 nanto,
276 3530 328 3598 qui
345 3530 493 3584 adulterae
510 3529 594 3584 uxori
612 3530 819 3584 reconciliatur.

233 3691 259 3760 ‘)
279 3691 314 3745 In
334 3690 395 3745 coll
415 3688 520 3746 Vaut:
549 3689 650 3744 Iohan.
671 3687 712 3742 13.
738 3711 739 3714 ¹
