2575 4225
455 320 555 383 Oreas
578 321 764 402 prophetae.

327 498 402 578 quia
424 516 512 561 nuno
535 491 715 582 for[nioatus
736 492 809 585 ΜΡ
836 506 895 564 eto.

182 700 186 707 1
231 600 298 683 nod
320 602 432 685 mortui
453 604 490 686 ite
511 610 543 669 et
564 602 653 685 mett.

480 774 746 867 ’cogitaponap

140 887 258 950 melius
282 886 397 951 studia.
444 893 578 951 manent
607 886 643 949 in
664 886 761 951 idolis
784 888 850 952 suis
873 896 906 953 et
928 912 994 955 non
1016 899 1079 957 stu-

140 976 222 1040 dent
243 976 359 1039 reverti
381 974 423 1039 ad
446 976 552 1039 deum.

458 1153 501 1217 Et
523 1148 760 1236 respondebit.⁴

180 1304 188 1321 .
232 1260 280 1322 De
304 1260 388 1323 malo
411 1261 520 1325 futuro
543 1261 724 1343 prophetat,
748 1260 861 1325 idest:
886 1265 1081 1329 conscientia

139 1348 275 1411 tandem
312 1350 419 1413 veniet
451 1356 484 1413 et
517 1349 695 1413 confundet
727 1370 812 1413 eum.
857 1352 995 1418 Vexutio
1024 1352 1081 1418 det

138 1436 428 1607 iditddsectdempi'omst
442 1436 569 1523 addidet
582 1438 663 1519 terit,
678 1438 761 1502 bene
776 1440 889 1503 merui,
924 1442 1081 1524 Ephraim

501 1687 579 1751 Ruit
600 1689 707 1751 etiam.

232 1811 290 1872 per
312 1792 535 1871 synecdochen
557 1793 803 1874 intelligendum
825 1799 884 1871 est,
908 1816 973 1858 non
994 1800 1080 1859 totus

140 1880 234 1957 Iuda,
271 1879 328 1942 sed
361 1901 480 1961 magna
513 1902 586 1963 pars
620 1883 715 1945 Iuda⁷
736 1883 810 1946 ruit.
857 1903 956 1966 supra
977 1904 1023 1948 oa.
1051 1886 1078 1947 1.

141 1968 242 2031 dixit:
267 1968 341 2032 Non
362 1974 433 2032 ruet
456 1975 514 2033 eto.

434 2147 477 2210 ut
499 2168 566 2210 non
588 2142 787 2212 inveniunt⁵

232 2251 407 2334 legendum
430 2259 486 2316 est.
533 2253 573 2316 ln
595 2255 755 2335 gregibus,
786 2255 874 2334 dicit,
903 2276 970 2320 non
999 2257 1082 2320 obla-

142 2341 298 2418 tionibus,
323 2348 399 2405 sunt
533 2362 607 2407 oves
630 2350 664 2408 et
684 2343 782 2409 boves
805 2351 865 2409 eto.

468 2519 603 2582 Ablotus
626 2517 676 2584 e'st
698 2526 757 2584 eto.

235 2623 326 2687 falsis
356 2623 510 2689 doctrinis
543 2631 576 2688 et
603 2625 714 2706 impiis
741 2646 762 2688 a
795 2625 1084 2708 pseudoprophetis

143 2713 228 2776 filios
258 2711 463 2794 ido[lol]otras
492 2713 579 2796 quod
607 2713 749 2787 maxime
771 2713 921 2797 displicet
942 2716 1083 2794 domino,

144 2800 235 2882 quod
258 2821 324 2864 non
347 2802 499 2867 erudiunt
532 2801 615 2866 filios
647 2803 684 2864 in
717 2803 831 2867 timore
865 2803 929 2882 dei,
964 2805 1021 2870 sed
1049 2804 1084 2868 in

3 2881 11 2962 ζ·
144 2883 354 2975 ido[lo]latriu
376 2896 409 2953 et
430 2891 612 2972 ignorantia
633 2890 686 2956 dei
709 2898 768 2956 eto.

400 3127 401 3130 ,
475 3067 557 3131 Cum
578 3063 755 3150 partibus,⁶

145 3175 264 3238 melius
299 3193 373 3238 oum
407 3175 501 3255 agris.
547 3180 676 3256 tempus
711 3182 835 3253 eertum
867 3195 926 3258 pro
953 3174 1083 3240 incerto.

145 3285 178 3344 q.
204 3261 292 3343 dat
320 3261 354 3346 tit
386 3261 478 3346 opu
511 3262 577 3328 umt
608 3261 653 3328 eiu
687 3264 773 3330 mont
806 3279 855 3347 got
887 3264 980 3348 doen,
1015 3272 1086 3328 tum

150 3351 315 3417 ³evorabit
342 3372 406 3414 eos.
457 3353 565 3415 Partes
592 3350 666 3414 illue
695 3350 936 3418 distributiones
963 3352 1084 3416 heredi·

179 3446 254 3504 tum
269 3439 397 3521 proprie
412 3440 572 3517 dicuntur,
586 3460 617 3521 q.
630 3438 663 3502 d.
680 3445 713 3504 et
723 3441 808 3505 cives
823 3447 856 3504 et
870 3442 1085 3522 possessiones

179 3529 272 3592 deret
294 3547 352 3592 rex
374 3529 578 3611 Assyriorum
600 3528 636 3591 in
658 3549 725 3593 uno
748 3549 858 3594 mense
881 3536 940 3594 ete.
965 3565 1007 3577 -

238 3719 265 3788 1)
293 3737 320 3775 v.
344 3718 371 3773 3.
419 3719 447 3788 2)
475 3720 582 3788 Incipit
606 3719 654 3776 fol.
678 3719 738 3774 115.
755 3721 787 3774 Α
816 3717 910 3775 risui.
954 3720 983 3789 3)
1009 3738 1036 3775 v.
1059 3720 1085 3773 4

196 3807 222 3845 v.
242 3789 267 3844 5.
304 3789 333 3858 o)
351 3807 378 3845 v.
397 3787 422 3844 6.
460 3789 488 3859 6)
506 3807 532 3846 v.
553 3791 577 3844 7.

188 3888 277 3929 uuum
290 3898 338 3938 opp
351 3890 437 3938 uagos
467 3889 515 3930 vor
528 3887 605 3930 xxiv.
908 3878 926 3931 3
