2575 4225
436 294 770 379 Hcseaeprephetac.
1000 295 1076 361 373

127 463 137 545 s
223 472 265 535 In
286 472 412 554 Ebraeo
434 478 485 537 est
506 472 678 549 ‚lahemam
706 466 948 555 lenaphsoharir‘
981 475 1076 557 panis

133 571 262 639 eorum,
292 562 420 627 ammae
442 580 571 639 eorum,
601 582 669 627 non
692 564 855 641 afferetur,
885 566 942 629 aut
968 565 1077 629 veniet
1176 564 1186 649 ζ

15 700 16 703 ¹
134 650 177 713 ad
200 650 336 714 domum
358 650 494 715 domini.
532 650 571 713 Id
587 665 647 715 nos
662 651 851 735 simpliciter
865 650 1074 728 reddidimus,

14 761 15 764 ¹
127 739 231 822 *panis
253 758 319 820 quo
341 738 481 804 alunbrr.
528 740 723 823 Quanquam
745 742 781 803 in
804 741 928 805 Ebraeo
957 741 1077 821 signifi·

134 828 262 895 cantius
284 826 336 904 sit,
363 828 427 891 hoc
448 827 536 892 enim
563 829 633 894 vult
655 829 768 893 dicere.
815 829 888 895 Non
909 828 1078 893 habebunt

131 935 269 1002 panem,
302 916 344 980 de
366 936 432 997 quo
454 916 578 999 aliquid
600 919 751 995 offerant,
783 919 867 983 siout
889 919 975 982 soliti
1001 924 1079 981 sunt

132 1008 172 1072 in
193 1012 278 1072 terra
298 1004 434 1071 domini.
481 1006 623 1071 Tantum
651 1007 820 1071 habebunt
847 1027 984 1091 panem,
1013 1026 1078 1087 quo

135 1114 180 1158 se
193 1094 292 1171 alant,
315 1114 384 1160 non
405 1113 470 1175 quo
493 1095 665 1159 dominum
686 1096 856 1172 honorent,
880 1101 913 1159 et
934 1096 1077 1159 ministe

134 1182 222 1247 rium
244 1190 373 1261 ornent,
403 1184 480 1264 quia
503 1184 630 1248 nullum
653 1184 828 1267 templum,
855 1184 961 1249 nullos
983 1183 1077 1247 habc-

135 1273 221 1338 bunt
241 1270 408 1337 ministros
430 1291 601 1337 sacrorum.
1067 1292 1069 1295 ·

183 1428 294 1547 ers
316 1432 480 1499 facietis
503 1409 545 1497 in
568 1432 635 1497 are
659 1432 831 1510 sonum,
856 1440 893 1499 ee
914 1432 957 1497 in
977 1414 1080 1500 fests

244 1520 422 1585 domini?

137 1678 340 1793 solemnem
362 1681 451 1745 diem
471 1686 673 1785 vocatlstata
693 1682 785 1759 festa,
802 1701 886 1763 quae
901 1687 987 1745 certo
1002 1681 1080 1743 anni

194 1777 339 1852 tempore
362 1770 722 1847 celebrabantur,¹srout
743 1771 873 1853 pascha,
896 1776 1081 1853 pentecoste

14 1827 46 1854 μ
139 1867 198 1924 etc.
245 1859 305 1922 Est
332 1863 442 1923 autem
470 1859 584 1923 eadem
614 1860 775 1923 sententia
802 1878 876 1922 oum
914 1856 1081 1939 superiori-

14 1945 15 1996 ἶ
138 1951 216 2013 bus:
239 1948 328 2012 inter
351 1954 462 2028 gentes
481 1948 602 2030 captivi
618 1948 715 2025 eritis,
739 1968 807 2011 non
821 1947 989 2029 templum,
1014 1966 1081 2009 non

14 2046 16 2115 ἓ
140 2038 273 2116 culm,
297 2056 364 2102 non
386 2037 470 2104 festa
492 2038 618 2137 usitata
634 2036 824 2142 retinebitis,
872 2129 873 2134 γ

185 2196 389 2315 Qvoniam
417 2217 508 2262 ecce
533 2199 686 2263 abeunt
719 2202 885 2279 propter
917 2196 1081 2262 vastita-

244 2295 341 2365 tem,
365 2289 577 2370 Aegyptus
593 2307 662 2354 eos
678 2287 858 2367 colliget,
877 2285 996 2368 Moph
1019 2304 1083 2347 eos

46 2377 52 2387 '
185 2376 375 2459 sepeliet.
433 2377 572 2440 Urbica
615 2376 849 2458 possidebit
892 2375 996 2450 loca,
1043 2373 1083 2436 in

186 2465 336 2547 quibus
352 2470 542 2546 argentea
555 2463 678 2541 idola,
702 2463 874 2528 deliciae
889 2464 1081 2543 ipsorum,

185 2560 282 2618 sunt
304 2555 457 2636 posita,
475 2558 609 2617 sentes
623 2553 668 2615 in
682 2550 965 2618 tabernaculis
980 2551 1082 2631 ipso·

185 2662 273 2707 rum
295 2643 554 2725 provenient.

18 2881 20 2889 Α
141 2783 341 2898 Vrrunque
364 2785 540 2865 coniungit,
565 2790 597 2850 et
620 2783 842 2866 captivitatem
863 2783 948 2848 inter
963 2788 1083 2862 gentes,

19 2978 21 3025 l

19 3050 22 3168 l

209 2881 243 2939 et
256 2875 450 2951 vastitatem,
475 2875 571 2938 verbo
588 2873 726 2950 ,halchu‘
744 2872 900 2948 abierunt,
924 2869 991 2934 fere
1006 2890 1085 2934 usus
1193 2917 1202 2925 .
1259 2851 1275 2948 ,Ῐ

142 2965 204 3028 hoc
226 2963 298 3027 loco
320 2968 369 3027 est
386 2951 558 3045 propheta,
586 2962 671 3025 sicut
693 2960 806 3025 Graeci
828 2963 965 3024 utuntur
986 2958 1085 3022 verbo

143 3050 306 3131 οἴχεσθαι,
329 3051 365 3136 ile
387 3051 447 3134 {ioh
469 3049 552 3133 bio.-

233 3140 336 3222 Moph
358 3139 528 3222 Memphin
549 3139 691 3222 Aegypti
713 3159 783 3205 esse
805 3137 960 3202 iudicant

233 3230 429 3310 Argentum,
465 3235 589 3293 certum
623 3235 673 3294 est
705 3227 770 3292 dici
804 3232 955 3308 argentea
987 3224 1083 3300 idola,

145 3322 230 3385 sicut
257 3319 428 3398 aliquoties
456 3337 554 3400 supra
582 3317 683 3395 dixit,
717 3316 851 3380 conflari
879 3335 921 3377 ex
949 3333 1026 3377 auro
1053 3319 1087 3374 et
1181 3384 1185 3390 ‚

171 3415 280 3490 rgento
294 3406 391 3484 idola,
410 3426 449 3470 ea
462 3413 556 3472 vocat
572 3405 746 3483 ,Mehmad‘
762 3402 984 3478 desiderabile,
1008 3401 1086 3482 quia

169 3517 208 3562 oo
231 3496 322 3561 cuitu
344 3495 586 3560 delectabantur
608 3501 641 3559 et
662 3494 816 3559 fidebant.
861 3493 951 3557 Haec
967 3490 1085 3553 ineam·
1215 3485 1218 3500 '
1269 3473 1275 3486 ’

176 3584 245 3649 oda
266 3584 531 3649 florentissimum
553 3603 690 3665 regnum
712 3581 848 3647 incurrit
869 3585 1000 3664 propter
1019 3578 1084 3641 ido·

172 3675 285 3740 oram
332 3673 435 3737 Tanto
462 3693 522 3738 nos
553 3673 688 3736 decebat
712 3673 819 3736 lucem
847 3670 936 3736 verbi
965 3669 1086 3732 maiore

173 3763 256 3828 sudio
279 3762 432 3845 amplecti
454 3770 487 3827 et
508 3761 626 3854 babere
649 3761 855 3828 reverentius.
