2575 4225
200 236 242 299 56
257 241 260 246 “
540 232 646 316 Caput
668 252 793 297 nonum

200 412 268 479 sole
289 410 394 496 pietas
416 417 466 477 eet
479 430 563 493 quae
577 417 732 488 mutetur,
755 409 1045 492 impietasperctat
1058 434 1090 493 q.
1108 414 1142 476 d.

201 500 538 674 grfiecllrgguflcirrnicetus
560 520 594 565 es
617 500 713 563 adeo
735 507 801 577 tuo,
826 498 914 579 quod
930 520 996 563 non
1016 501 1146 567 faciunt

229 744 295 831 ¹Ne
316 749 443 815 laeteris
465 748 674 825 exultatione,
696 747 828 826 Israhel,
851 754 889 813 ut
912 756 1023 829 gentes
1045 757 1107 814 ete.

204 856 251 921 sic
271 857 353 938 lego.

567 1007 779 1077 Mercedem.¹

293 1122 377 1186 Vide
400 1141 498 1205 supra
520 1140 566 1185 ca.
594 1121 623 1185 2.
671 1121 806 1203 sperasti
829 1121 1009 1184 mercedem
1032 1127 1094 1185 ete.

556 1280 706 1344 Dilexisti
729 1286 788 1345 etc.

295 1386 552 1452 letinaetncstra
557 1386 694 1469 phrasis,
707 1387 785 1463 vult,
799 1385 998 1470 bcftpcmetc.
1012 1388 1149 1469 diligere

208 1495 315 1541 amare
348 1476 487 1539 hebraea
519 1481 612 1540 vocat
645 1483 705 1539 etc.
758 1477 881 1540 Verum
915 1496 989 1558 spes
1022 1483 1054 1540 te
1089 1483 1151 1541 tua

208 1566 305 1643 fallet,
329 1562 395 1631 mitt
417 1562 462 1631 bit
483 1564 583 1649 febien.
629 1566 716 1627 Nam

581 1726 666 1787 Area
688 1719 767 1788 etc³

299 1830 387 1895 alias.
411 1831 586 1896 mentietur
601 1850 683 1912 opus
701 1831 812 1896 olivae.
850 1832 960 1896 minus
975 1831 1033 1917 dat
1048 1851 1151 1912 quam

210 1921 406 2003 sperabatur,
422 1920 485 1983 hoc
499 1927 550 1984 est
563 1920 650 2001 quod
662 1919 742 1984 dicit
752 1922 891 1986 torcular
902 1922 1076 1985 mentietur
1087 1928 1151 1985 etc.

210 2009 380 2074 Maledicet
393 2008 473 2072 deus
488 2008 652 2072 frumento
667 2014 733 2072 tuo.
778 2010 852 2074 Non
867 2011 928 2073 erit
945 2030 996 2074 res
1011 2016 1049 2073 ut
1063 2029 1151 2092 spes.

552 2171 708 2233 Reversus
731 2167 809 2234 est.4

302 2275 426 2340 sedebit
454 2295 528 2341 vero
552 2276 710 2358 Ephraim
733 2284 792 2341 etc.
840 2279 886 2341 sic
915 2278 1041 2341 melius
1088 2278 1154 2340 hae

213 2370 307 2429 erunt
328 2363 528 2429 mercedest
514 2371 588 2429 tuae
612 2385 693 2447 quas
709 2367 876 2448 sperasti
867 2387 903 2429 m
926 2367 1007 2430 areis
1029 2372 1063 2428 et
1085 2387 1154 2430 om-

213 2455 309 2519 nibus
332 2453 544 2520 torcularibus
566 2456 641 2519 tuis.

534 2616 608 2679 ut
599 2636 634 2678 m
657 2614 831 2700 As[syrr‘r'c]:

214 2741 246 2801 q.
270 2720 302 2783 d.
327 2739 365 2783 eo
387 2718 496 2784 veniet
521 2727 559 2784 ut
585 2743 652 2785 non
681 2723 778 2786 modo
811 2743 879 2786 non
906 2723 1060 2801 abundes,
1096 2725 1157 2787 sed

215 2815 247 2874 et
269 2809 392 2891 polluta
414 2808 475 2872 tibi
498 2811 608 2873 omnia
630 2811 696 2874 sint
718 2818 777 2874 etc.

544 2971 618 3035 Non
639 2964 819 3035 libabunt⁵

305 3077 465 3142 Describit
507 3078 587 3160 quid
630 3077 779 3143 futurum
817 3078 859 3140 sit
895 3077 932 3139 in
969 3074 1161 3157 captivitate

216 3166 395 3247 Assyriaca.
433 3167 576 3231 libamen
598 3165 787 3250 beupiupfier
809 3166 937 3248 proprie
960 3165 1073 3229 vinum
1097 3171 1160 3228 est.

414 3326 487 3390 Non
510 3326 650 3391 fundent
671 3327 804 3390 domino
826 3327 949 3402 vinum,

216 3431 252 3496 id
275 3438 337 3497 est:
363 3451 429 3497 non
451 3434 602 3498 libabunt
619 3440 654 3496 et
671 3432 814 3509 offerent,
837 3433 872 3495 id
892 3438 955 3496 est:
979 3431 1161 3495 commede-

218 3571 433 3586 -ὰ--ι-ι-ι-ι

309 3643 335 3713 1)
361 3644 470 3714 Incipit
494 3641 541 3698 fol.
568 3641 628 3696 123.
645 3643 680 3696 A
705 3641 800 3697 MSGi.
850 3642 878 3711 2)
903 3659 929 3698 v
956 3643 980 3696 1.
1026 3641 1054 3709 3)
1079 3640 1153 3696 v.2

218 3713 337 3783 4..)v3
374 3714 402 3783 b)
420 3713 491 3771 v..4
