2575 4225
211 285 278 348 496
448 283 553 366 Caput
573 287 726 363 quartum
750 281 912 345 decimum

212 462 260 525 sic
283 460 370 526 enim
392 461 455 524 hoc
477 461 513 523 in
535 461 605 524 loco
632 460 816 523 consolatur
845 459 1016 540 propheta,
1048 459 1156 540 pupfl.
1272 437 1275 512 i

212 551 274 628 lus,
298 549 414 630 inquit,
438 568 548 613 eoram
569 555 602 612 te
625 548 768 614 inveniet
790 546 1053 620 misericerdiam.

302 657 393 718 Haeo
415 655 445 719 si
466 655 628 719 includere
651 673 818 736 possemus
841 654 968 732 animis,
997 655 1096 716 etiam
1119 655 1157 716 in

213 744 492 821 tribulationibus,
538 751 577 808 ut
612 744 731 807 Paulus
769 742 888 824 inquit,
936 743 1155 822 gloriaremur.

220 828 357 912 ¹Magna
378 833 545 896 calamitas
568 838 633 911 est,
664 832 752 912 quod
774 833 916 913 optimus
938 833 1003 908 vir,
1028 839 1067 894 et·
1084 838 1158 894 tum

212 921 387 999 doctrinae,
411 929 484 986 tum
506 923 636 1004 pietatis
659 921 754 984 laude
777 921 915 1001 insignis
934 920 1157 1000 Hieronymus

215 1011 502 1091 Baumgartnerus,
534 1010 613 1073 dum
636 1011 760 1090 legatus
784 1029 861 1074 suae
884 1009 1079 1090 reipublicae
1103 1009 1157 1072 do·

216 1119 308 1160 mum
330 1120 371 1162 ex
393 1101 532 1163 comitiis
555 1097 760 1181 Spirensibus
784 1098 893 1174 rediit,
924 1098 959 1159 in
983 1105 1160 1179 conspectu

215 1188 360 1250 Caesaris
383 1189 518 1269 capitur,
543 1207 581 1251 ac
602 1189 699 1268 longa
722 1193 755 1250 et
776 1185 949 1249 durissima
970 1187 1160 1268 captivitate

214 1276 387 1341 detinetur.
435 1277 540 1340 Sentit
561 1277 660 1357 igitur
683 1296 717 1338 se
739 1295 808 1338 esse
831 1274 991 1355 pupillum
1022 1294 1081 1338 seu
1112 1295 1159 1337 or-

217 1366 373 1445 phanum,
398 1372 431 1428 et
453 1385 512 1429 nos
535 1365 650 1428 meritc
673 1365 854 1427 calamitate
877 1363 994 1445 optimi
1015 1364 1094 1440 viri,
1119 1363 1161 1426 de

217 1472 279 1514 sua
306 1454 469 1534 republica
498 1460 531 1517 et
559 1453 694 1517 ecelesia
724 1452 842 1515 Christi
870 1451 1010 1532 preclare
1040 1453 1160 1527 meriti,

218 1559 467 1605 commovemur.
514 1542 577 1604 Sed
605 1542 748 1605 vicissim
776 1541 932 1603 consolari
963 1559 1021 1602 nos
1052 1541 1161 1618 debet,

218 1629 307 1708 quod
330 1649 405 1692 cum
428 1631 592 1712 orphanus
615 1631 667 1707 sit,
691 1631 790 1692 etiarn
811 1629 931 1692 habeat
953 1629 1164 1693 miserentem

218 1718 328 1795 deum,
353 1719 410 1798 qui
431 1725 464 1782 et
478 1719 627 1783 liberabit
641 1740 717 1782 eum
733 1738 791 1782 suo
806 1723 960 1799 ternpore,
984 1723 1017 1780 et
1031 1725 1164 1782 aeterna

220 1807 322 1886 gloria
343 1808 471 1871 ornabit
493 1808 529 1870 in
550 1809 682 1870 meliore
708 1807 783 1871 vita.

270 1905 274 1911 ’
311 1913 373 1978 Sed
395 1914 536 1996 inquies:
572 1915 637 1977 Cur
658 1912 876 1977 misericordia
897 1913 977 1974 haec
1000 1932 1067 1974 non
1100 1931 1164 1976 cer·

220 2001 324 2065 nitur:
363 2003 568 2085 Respondeo:
608 2000 842 2083 coniungenda
869 2001 950 2063 haec
977 2006 1069 2077 sunt,
1100 2001 1165 2082 pri·

221 2112 329 2169 mum,
361 2098 399 2155 ut
426 2092 545 2156 sentias
573 2097 605 2155 te
635 2112 704 2157 esse
735 2090 933 2175 orphanum,
963 2090 1101 2153 alterum
1128 2097 1167 2154 ut

221 2180 342 2243 sentias
365 2181 464 2243 deum
486 2201 554 2245 esse
577 2180 826 2245 misericordem,
872 2180 979 2261 Atque
1008 2179 1090 2241 illud
1118 2200 1166 2241 or·

222 2267 299 2331 dine
327 2269 431 2349 prius,
460 2272 522 2333 hoc
551 2277 660 2334 autem
691 2270 865 2351 posterius,
896 2267 977 2329 illud
1000 2268 1165 2346 acerbum,

223 2356 286 2419 hoc
307 2357 497 2435 iucundum,
520 2358 603 2421 illud
625 2378 730 2439 grave,
753 2358 816 2422 hoe
833 2375 929 2420 suave
945 2361 1002 2418 est.
1048 2356 1167 2438 Itaque

222 2446 349 2524 accidit,
374 2454 411 2511 ut
432 2449 494 2511 hoc
516 2448 590 2525 frui,
614 2449 670 2511 illo
693 2465 798 2510 carere
821 2450 979 2528 optemus.
1026 2444 1090 2507 Sed
1114 2445 1167 2508 de-

221 2534 353 2597 finitum
377 2542 435 2613 est,
460 2537 488 2599 si
510 2537 559 2599 vis
582 2534 835 2599 misericordiam
858 2534 1027 2613 consequi,
1052 2534 1167 2615 orpha·

223 2643 286 2685 nus
309 2624 399 2705 prius
421 2631 460 2688 ut
482 2625 541 2687 fias
564 2642 693 2688 necesse
714 2629 771 2701 est,
797 2642 856 2685 nec
877 2628 998 2685 statues
1013 2627 1051 2684 tu
1066 2642 1168 2703 quam

223 2710 282 2771 diu
303 2712 384 2773 velis
406 2712 570 2793 orphanus
594 2732 677 2789 esse,
707 2732 783 2775 nam
807 2712 906 2774 etiam
927 2710 1033 2775 brevis
1063 2731 1166 2788 mora,

225 2816 301 2858 oum
325 2818 404 2860 crux
426 2806 527 2880 urget,
550 2801 740 2881 longissima
755 2794 832 2864 est²
871 2800 938 2862 Deo
953 2799 1169 2880 relinquenda

223 2906 301 2949 cura
324 2893 372 2951 est
394 2887 601 2966 liberationis,
624 2890 653 2951 is
676 2889 804 2952 adiutor
820 2888 918 2951 estin
937 2889 1166 2969 oportunitate,

14 2989 25 3067 ξ.
53 2991 57 3004 ’
224 2981 258 3038 et
280 2982 329 3039 est
351 2997 479 3058 quoque
502 2977 616 3054 fidelis,
639 2978 750 3058 itaque
773 2998 839 3040 non
862 2976 947 3040 sinet
968 2996 1027 3039 nos
1048 2978 1169 3041 tentari

224 3084 323 3144 supra
344 3086 443 3146 quam
465 3086 648 3149 possumus,
677 3073 709 3129 et
731 3086 919 3146 quanquam
940 3065 1168 3129 liberationem

225 3153 347 3232 differt,
372 3160 482 3219 tamen
505 3162 590 3219 certe
613 3175 685 3217 eam
709 3155 899 3236 praestabit,
929 3158 978 3216 est
1000 3154 1089 3215 enirn
1113 3175 1167 3235 pa·

224 3247 274 3303 ter
296 3247 419 3320 noster,
443 3244 552 3326 itaque
575 3243 814 3327 postulantibus
836 3262 955 3325 panem
978 3262 1044 3305 non
1068 3244 1167 3323 porri-

224 3334 280 3408 get
301 3328 457 3412 lapidem,
487 3332 727 3414 postulantibus
750 3352 848 3396 ovum
875 3351 941 3394 non
970 3329 1062 3393 dabit
1084 3352 1166 3394 scor-

225 3417 366 3500 pionem,
392 3420 452 3483 soit
474 3422 593 3501 quibus
614 3422 793 3484 habeamus
816 3439 906 3502 opus,
931 3424 963 3482 et
982 3420 1102 3497 volens,

224 3513 282 3569 cut
303 3508 458 3588 sequitur,
481 3510 666 3591 praestabit.
706 3510 766 3572 llst
786 3509 873 3572 enim
889 3507 1078 3585 misericors,
1104 3510 1123 3570 h

315 3751 342 3819 1)
353 3751 547 3821 Hieronymus
557 3754 808 3820 Baumgartnerus.
836 3753 863 3822 2)
876 3754 951 3808 Psal.
965 3752 989 3805 9.
1004 3752 1028 3805 1.
1043 3750 1108 3807 Cor.
1124 3756 1131 3783 Ὗ
