2575 4225
447 270 573 333 Hoseae
595 238 781 353 proplietae.
981 318 989 329 ..
1019 270 1084 335 385

137 448 244 529 igitur
276 446 352 510 licet
383 446 572 527 perentibus
604 447 717 524 nasci,
753 467 828 511 oum
857 466 929 511 non
962 448 1087 512 faciunt

139 537 292 601 officium
313 535 415 612 liberi,
440 535 497 599 sed
520 536 617 599 etiam
640 536 811 603 admovere
826 556 943 600 manus
966 542 999 599 et
1021 536 1085 618 pla·

140 628 195 707 gia
221 645 276 689 eos
311 623 493 687 emendare.
545 626 611 687 Nec
643 630 754 689 tamen
781 625 903 689 violant
935 625 1088 706 quintum
1141 681 1145 691 .
1243 598 1263 695 Ῐ,

139 720 370 796 praeceptum,
421 713 478 777 sed
508 713 634 777 iaciunt
670 714 849 777 seeundum
886 714 1088 779 vocationem

144 823 255 879 suam,
286 809 320 867 et
345 801 407 865 deo
430 802 652 867 inobedientes
674 810 797 880 essent,
829 803 858 867 si
887 803 979 867 aliter
1007 804 1087 867 face-

142 898 227 968 rent,
252 891 336 955 sicut
357 891 509 955 dominus
531 891 571 953 de
594 891 647 954 1111
670 891 756 969 dicit,
784 893 812 954 1.
829 892 914 955 Sem.
940 887 989 954 3.¹
1038 893 1088 955 Iu-

143 981 312 1044 dicaturus
343 1000 417 1043 sum
450 980 584 1043 domum
614 980 684 1043 eius
721 987 851 1063 propter
883 980 1089 1061 iniquitatem

55 1121 58 1136 .
143 1071 228 1146 eius,
253 1088 291 1132 eo
314 1068 401 1149 quod
416 1073 548 1133 noverat
569 1068 702 1149 indigne
726 1090 818 1149 agere
841 1070 924 1133 tilios
948 1086 1032 1146 suos,
1057 1075 1089 1132 et

146 1178 217 1221 non
240 1158 428 1240 corripuerit
450 1174 514 1221 eos.

238 1246 290 1309 Sic
315 1247 522 1327 magistratus
539 1247 575 1308 in
597 1246 725 1310 adultos
747 1247 798 1311 ius
820 1248 933 1324 habet,
958 1246 1016 1327 qui
1037 1266 1088 1326 pa·
1198 1288 1200 1293 .

144 1340 279 1400 rentum
300 1341 495 1418 potestatem
517 1340 736 1413 contemnere,
765 1342 822 1401 aut
844 1336 943 1400 etiam
965 1334 1090 1399 laedere
1255 1328 1269 1387 ss

144 1431 299 1507 parentes
322 1425 435 1488 solent.
467 1422 558 1487 Sicut
571 1430 681 1487 autem
696 1425 902 1505 magistratus
917 1424 1091 1506 imperium

142 1514 549 1594 latiuspaeet‚1t20tiam
570 1532 694 1593 poenae
709 1514 879 1578 atrociores
902 1519 979 1577 sunt
993 1532 1092 1593 quam
1206 1542 1211 1591 g
1231 1518 1278 1587 gt

144 1603 224 1664 illae
246 1602 483 1678 oeconomicus,
507 1602 607 1665 habet
627 1603 717 1665 enim
739 1608 932 1683 potestatem
954 1604 1039 1665 vitae
1061 1608 1094 1665 et

146 1691 249 1755 necis.
295 1691 368 1753 Non
389 1691 490 1770 igitur
517 1690 635 1753 dicitur
661 1691 868 1771 magistratus
894 1685 1092 1754 133313333-

146 1787 202 1843 tra
217 1778 369 1860 quintum
382 1784 600 1861 praeceptum,
624 1798 700 1841 oum
715 1780 884 1861 suspendit
898 1780 994 1854 fures,
1019 1798 1094 1841 cum

146 1868 331 1931 homicidae
353 1868 458 1949 eapite
484 1867 604 1949 plectit.
650 1868 760 1931 Habet
787 1868 875 1930 enim
901 1867 1095 1949 peculiarem

148 1957 364 2034 vocationem,
389 1976 453 2037 quo
475 1957 510 2019 id
532 1956 662 2020 iubetur
682 1957 795 2034 facere,
820 1955 908 2037 quod
931 1956 1002 2019 aliis
1025 1976 1094 2037 pro·

150 2046 296 2109 hibitum
319 2051 377 2109 est.

248 2129 318 2198 'Ad
340 2156 416 2198 eum
438 2135 574 2198 modum
603 2135 871 2217 respondebimus
893 2133 933 2197 de
961 2134 1096 2216 prophe-

152 2231 207 2288 tae
222 2224 318 2287 facto.
355 2224 467 2287 Habet
480 2223 678 2304 singularem
693 2225 903 2301 vocationem,
928 2225 1096 2287 noniube·

151 2320 208 2377 tur
228 2313 319 2393 loqui
341 2332 416 2375 cum
438 2312 559 2394 populo
581 2313 696 2390 Israel,
725 2333 791 2378 non
813 2333 902 2376 orare
926 2315 1009 2376 sieut
1032 2313 1087 2374 alii
1199 2365 1200 2368 ,
1228 2265 1253 2368 ..3'

154 2402 215 2466 sed
241 2403 372 2465 iubetur
394 2401 551 2466 divinitus
579 2402 657 2464 huic
686 2403 807 2483 populo
830 2401 1035 2476 maledicere,
1067 2363 1098 2465 ei

154 2492 241 2554 male
275 2491 407 2573 precari.
470 2491 544 2553 Hoc
573 2509 649 2552 cum
686 2490 777 2566 facit,
814 2510 879 2553 non
914 2488 1099 2564 adversatur

155 2580 280 2643 christi
292 2576 466 2656 ddctrinae,
490 2579 548 2659 qui
568 2599 636 2641 non
658 2579 789 2660 respicit
810 2578 987 2658 singulares
1010 2597 1098 2642 voca-

37 2711 44 2725 .
155 2669 277 2746 tiones,
313 2668 370 2732 sed
399 2668 434 2730 in
468 2686 595 2747 genere,
630 2667 715 2732 sicut
740 2668 794 2730 lex
825 2667 1013 2732 universalis
1040 2672 1113 2744 est,=

157 2758 313 2840 proponit
341 2757 421 2837 quid
449 2757 607 2821 universis
640 2757 827 2820 faciendum
854 2756 911 2834 sit,
948 2757 1006 2836 qui
1034 2776 1101 2819 non

155 2848 284 2915 habent
311 2866 404 2909 suam
439 2846 635 2925 singularem
669 2851 703 2909 31
736 2851 856 2908 certam
889 2847 1098 2909 vocationem.
1224 2883 1226 2890 ·
1259 2841 1278 2896 ν’

157 2936 322 3018 Propheta
336 2940 445 2997 autem
459 2933 560 2997 habet
573 2953 668 2997 suam
683 2935 879 3014 singularem
890 2934 1100 3010 vocationem,

160 3025 247 3087 hano
268 3044 344 3088 cum
366 3023 520 3103 sequitur,
538 3029 628 3086 recte
651 3022 738 3087 facit.

164 3196 249 3311 ³An
274 3201 363 3264 hunc
383 3199 520 3264 modum
534 3200 720 3282 responderi
741 3203 848 3282 potest
868 3198 910 3262 ad
933 3199 1011 3262 alias
1035 3219 1102 3262 sen·

252 3290 384 3354 tentiae:
413 3289 519 3354 Nolite
548 3290 694 3354 resistere
716 3289 816 3366 malo,
848 3287 981 3352 omnino
1004 3288 1102 3352 nolite

163 3381 278 3442 iurare.
328 3379 400 3441 Hae
431 3379 608 3442 sententiae
642 3398 754 3443 omnes
789 3384 866 3442 sunt
898 3377 1102 3453 universales,
1266 3383 1278 3408 ‘⁸

161 3469 248 3532 sicut
276 3468 331 3532 lex
353 3467 543 3533 universalis
566 3473 626 3543 est,
658 3468 757 3549 igitur
787 3487 854 3531 non
883 3467 1003 3530 debent
1031 3467 1104 3530 resi-

256 3677 284 3747 1)
304 3678 329 3732 1.
342 3678 416 3732 Sam.
429 3679 455 3733 3.
491 3679 520 3745 2)
540 3677 599 3733 Gur
615 3677 758 3747 propheta
775 3677 850 3732 male
868 3680 999 3746 precetur
1017 3677 1105 3732 Israe-

165 3749 248 3804 litis?
283 3748 312 3817 3)
330 3750 378 3802 An
395 3751 481 3805 lieeat
497 3751 600 3820 iurare,
618 3749 748 3816 litigare?
1234 3775 1253 3808 p

208 3847 297 3889 Lntheri
310 3858 358 3898 opp·
372 3851 456 3898 neget
486 3849 535 3891 Vol.
547 3827 625 3889 dlv.
910 3837 945 3892 25
