2575 4225
452 270 568 326 ΙΞΗ
1146 266 1373 328 Versio
1417 264 1620 333 latina

1338 443 1421 505 X.

452 586 702 694 J-Iffiraol
747 593 845 649 est
888 587 1041 650 vitis
1088 584 1372 666 derepta,
1422 585 1570 648 talis
1619 603 1876 664 quoque
1924 590 2021 646 est
2067 583 2319 648 fructus

562 678 714 738 rius
784 675 1175 756 Multiplicat
1199 675 1425 737 altaria
1447 673 1805 737 secundum
1828 673 2316 737 multitudinem

448 766 765 826 frist-tuum
843 784 1105 827 suorum
1124 814 1137 841 ‚
1233 763 1592 826 secundum
1665 762 2024 826 bonitatem
2114 769 2316 827 terrae

440 874 608 923 Ηιιειιᾳῃ
679 854 884 916 bonas
954 853 1201 916 faciunt
1269 857 1532 915 statuas.
1637 845 1968 914 ²Divisum
2037 853 2136 914 est
2211 872 2319 914 cor

440 966 684 1019 vorum,
749 948 816 1005 at
861 962 1034 1004 nunc
1093 941 1554 1005 convincentur
1609 941 1884 1022 peccati,
1946 938 2086 1020 ipse
2142 940 2318 1002 enim

440 1034 797 1112 coni'ringet
840 1032 1064 1094 altaria
1100 1051 1342 1108 eorum,
1392 1038 1456 1094 et
1487 1035 1730 1092 statuas
1763 1049 1986 1092 eorum
2015 1029 2314 1092 vastabit.

440 1122 608 1182 'Tum
656 1121 905 1198 dicent,
956 1141 1087 1183 non
1133 1126 1231 1184 est
1277 1119 1464 1182 nobis
1510 1139 1650 1196 rex,
1700 1118 1877 1198 quod
1922 1138 2059 1180 non
2105 1118 2315 1181 timui-

440 1234 580 1270 mus
628 1210 986 1286 dominum,
1036 1217 1100 1272 et
1146 1211 1203 1272 si
1246 1229 1361 1272 rex
1406 1215 1572 1271 esset
1592 1258 1605 1285 ,
1669 1207 1827 1288 quid
1883 1206 2072 1270 nobis
2131 1207 2314 1290 prod-

436 1310 628 1358 ves-fist:
1727 1342 1739 1364 ι

620 1382 644 1418 ³
660 1389 1055 1465 Consultant,
1081 1388 1298 1450 iurant
1310 1387 1724 1465 mendaciter,
1751 1388 2051 1451 sanciunt
2065 1386 2314 1466 foedus,

440 1486 496 1538 Ηῒ
572 1477 885 1554 germinat
952 1477 1117 1540 sicut
1183 1477 1270 1538 fel
1347 1476 1665 1538 iudicium
1739 1477 1811 1538 in
1887 1477 2081 1539 sulcis
2157 1479 2312 1556 agri.

441 1566 644 1642 igitur
687 1566 855 1628 cives
887 1565 1208 1628 Samariae
1254 1566 1326 1626 in
1360 1573 1540 1628 metu
1571 1572 1762 1628 erunt
1790 1572 2051 1648 propter
2080 1566 2317 1630 vitulos

444 1658 596 1714 lieth
660 1656 866 1730 Aven,
940 1674 1013 1716 ac
1064 1654 1314 1734 lugebit
1369 1660 1630 1736 propter
1682 1655 1959 1719 vitulum
2036 1655 2323 1737 populus

440 1746 592 1802 vius.
684 1744 1027 1824 Lugebunt
1072 1763 1328 1824 quoque
1377 1743 1701 1805 Camarim
1747 1744 1884 1806 eius
1904 1793 1917 1820 ,
1976 1745 2091 1824 qui
2143 1745 2320 1808 exul-

436 1834 660 1894 tabant
704 1840 963 1914 propter
1008 1833 1279 1913 gloriam
1327 1832 1482 1909 eius,
1534 1833 1846 1912 quoniam
1891 1832 2200 1912 migrabit
2233 1835 2317 1896 ab

436 1922 556 1986 [ΞΗ
624 1923 933 2002 quoniam
1003 1922 1087 1984 ad
1154 1922 1497 2001 Assyrium
1566 1921 2009 2002 deportabitur
2074 1942 2318 1987 munus

436 2014 560 2090 rogi
612 2012 812 2074 Iareb.
906 2011 1160 2091 Accipit
1204 2010 1520 2091 Ephraim
1577 2011 2025 2073 confusionem
2042 2061 2056 2088 ‚
2117 2011 2317 2074 Israel

436 2100 863 2162 vmifundetur
907 2105 1166 2181 propter
1212 2099 1556 2162 consilium
1613 2120 1823 2162 suum.
1918 2099 2318 2165 Excindetur

436 2211 544 2247 rvi:
604 2189 921 2249 Samariae
983 2189 1150 2250 sicut
1217 2208 1454 2269 spuma
1520 2209 1711 2271 super
1779 2209 1998 2269 aquas
2094 2191 2317 2253 Exter-

436 2279 853 2339 minabuntur
927 2277 1177 2338 excelsa
1249 2278 1433 2340 Aven
1451 2327 1464 2353 ,
1556 2279 1628 2340 in
1703 2278 1938 2358 quibus
2025 2280 2319 2359 peccavit

436 2367 460 2423 I
468 2367 644 2427 ΗιἬΗΙ,
736 2364 937 2446 Spina
980 2371 1046 2427 et
1091 2370 1304 2428 sentes
1350 2368 1738 2447 proveniunt
1781 2367 1897 2429 ubi
1939 2386 2115 2429 nunc
2161 2375 2318 2431 sunt

432 2455 652 2515 alt-:iria
710 2473 961 2531 eorum,
1024 2459 1117 2531 et,
1180 2454 1309 2536 ipsi
1367 2455 1580 2519 dicent
1635 2452 1965 2519 montibus
1983 2506 1998 2533 ‚
2069 2456 2316 2537 operite

436 2563 564 2615 ιτιΗΗ,
616 2551 678 2605 et
722 2544 991 2607 collibus
1040 2543 1249 2607 cadite
1299 2563 1491 2626 super
1535 2565 1672 2607 nos,

608 2635 664 2691 A
719 2632 946 2695 diebus
1007 2632 1211 2695 Gibea
1264 2633 1463 2695 Israel
1517 2635 1823 2716 peccasti,
1888 2654 1962 2696 ac
2019 2633 2113 2697 ita
2172 2654 2310 2716 per-

432 2723 668 2795 &titt-rtis
724 2721 838 2783 sed
884 2741 1015 2783 non
1062 2722 1504 2803 apprehendet
1548 2743 1656 2785 eos
1703 2723 1979 2803 prelium
2019 2723 2210 2804 quale
2240 2724 2317 2786 in

432 2811 632 2871 [iil-nea
683 2808 809 2872 fuit
826 2860 839 2886 ,
903 2809 1077 2890 quod
1136 2815 1358 2873 contra
1414 2811 1576 2873 filios
1633 2811 1996 2891 iniquitatis
2053 2818 2315 2891 gestum

428 2907 538 2959 ΗΗῐμ
636 2898 837 2961 Valde
884 2900 1059 2961 enim
1106 2899 1339 2981 cupide
1386 2899 1709 2980 castigabo
1757 2920 1883 2976 eos,
1941 2905 2006 2963 et
2051 2920 2314 2981 congre-

428 2991 748 3063 gabuntur
816 2987 1118 3053 adversus
1175 3009 1287 3052 eos
1343 2989 1598 3070 populi,
1656 3008 1806 3051 cum
1863 2988 2140 3069 alligabo
2202 3009 2316 3052 eos

428 3087 682 3155 propter
726 3078 1055 3157 geminum
1106 3083 1445 3160 peccatum
1497 3098 1739 3141 eorum.
1835 3078 2154 3159 Ephraim
2213 3084 2320 3141 est

428 3167 628 3227 vitula
669 3168 1027 3231 assuefacta
1069 3173 1145 3231 ut
1172 3167 1448 3230 libenter
1476 3168 1748 3243 trituret,
1799 3165 1911 3230 sed
1942 3186 2058 3245 ego
2093 3185 2317 3229 ascen-

428 3255 572 3315 thur·
644 3255 714 3315 in
780 3256 1117 3319 robustum
1186 3256 1423 3319 collum
1492 3257 1626 3318 eius
1644 3306 1657 3332 ,
1730 3260 1794 3317 et
1863 3255 2170 3336 equitabo
2238 3256 2316 3317 in

428 3343 755 3423 Ephraim.
847 3344 1075 3406 Arabit
1117 3345 1300 3422 Iuda,
1351 3349 1417 3407 et
1462 3345 1710 3407 occabit
1754 3345 1966 3407 Iacob.

604 3611 660 3679 1]
700 3610 1061 3666 vaticinatur
1104 3609 1201 3662 hic
1250 3624 1478 3677 quoque
1523 3609 1596 3663 de
1650 3608 1854 3677 poenis
1908 3606 2290 3663 idolatrarum

428 3679 488 3803 ἐξῆ
500 3683 644 3803 1301:
677 3686 790 3751 est,
837 3697 956 3735 non
1002 3680 1065 3735 in
1110 3680 1233 3735 solo
1279 3680 1387 3734 deo
1437 3680 1640 3736 fidunt.
1712 3678 1770 3748 3)
1821 3680 2096 3733 Humana
2146 3696 2282 3748 praae

2481 1087 2492 1106 ι

2524 1693 2572 4221 QQQQ‡„A,4QM**
2561 1234 2571 1655 „Q4
2568 1218 2570 1225 .
2568 1204 2569 1207 „
2567 1157 2571 1192 *A
2568 1117 2569 1123 1
