2575 4225
464 236 590 299 Hoseae
613 237 797 324 prophetae.
1035 226 1102 335 407

202 411 420 519 §eminete
442 414 554 477 vobis
577 414 625 477 ad
647 415 870 490 iusticiam,
899 419 937 477 et
958 414 1102 485 metite
1184 464 1185 467 ,

204 467 589 579 kbeneficentiam,
637 509 747 566 arato
793 502 908 567 vobis
953 502 1101 566 sedulo.

205 592 376 674 Tempus
405 592 509 653 enim
539 597 600 655 est
629 591 851 673 quaerendi
884 590 1100 667 dominum,

204 680 335 744 donec
349 680 505 756 veniat,
523 686 562 744 et
576 680 741 761 depluat
755 680 870 746 vobis
885 680 1099 743 iusticiam.

152 856 360 969 *Aemonet
389 859 580 941 prophetam
609 856 802 934 similitudo,
838 876 904 937 qua
934 878 1028 935 usus,
1065 865 1103 922 ut
1214 846 1225 891 Ῠ

244 948 489 1012 comminationi
511 947 661 1011 subiiciat
684 945 950 1009 exhortationem.
990 948 1101 1011 Vitulo

153 1057 218 1101 seu
238 1056 336 1117 regno
351 1037 450 1099 Israel
471 1038 614 1101 minatus
637 1042 686 1100 ost
708 1037 866 1113 futurum,
889 1042 926 1098 ut
948 1056 1015 1099 non
1036 1056 1100 1099 am·

155 1127 247 1207 plius
274 1125 465 1189 adhibeatur
492 1126 534 1189 ad
561 1126 671 1189 faciles
699 1131 732 1188 et
762 1131 950 1205 questuosas
977 1144 1099 1205 operas,

155 1214 202 1277 ad
224 1215 475 1291 sinuationem,
505 1215 562 1278 sed
584 1222 623 1279 ut
643 1215 796 1296 praebeat
818 1219 943 1294 tergum
975 1214 1099 1291 sessori,

153 1303 218 1383 qui
240 1309 398 1383 tanquam
420 1324 542 1383 equum
565 1310 663 1384 cogat
681 1304 768 1367 abire
791 1303 826 1365 in
842 1302 1017 1383 Assyriam.
1053 1304 1101 1365 De
1155 1302 1159 1311 ¹
1217 1350 1219 1353 -

156 1412 258 1472 regno
280 1399 390 1455 antem
411 1392 495 1455 Iuda
516 1393 602 1457 dixit
623 1393 786 1468 futurum,
814 1397 853 1454 ut
875 1398 952 1477 aret,
977 1398 1010 1455 et
1031 1412 1101 1475 pro-

152 1481 287 1544 scindat
309 1482 427 1561 glebas.
474 1482 507 1545 Is
529 1488 562 1546 ct
591 1483 620 1545 si
648 1480 748 1545 durus
774 1480 866 1543 labor
895 1486 961 1557 est,
992 1486 1102 1544 tamen

152 1576 208 1633 est
230 1570 413 1647 tolerabilis,
437 1590 498 1634 nec
520 1576 570 1635 est
595 1576 780 1652 perpetuus.
826 1568 977 1633 Ostendit
1004 1570 1126 1649 igitur
1201 1580 1202 1583 ’
1228 1590 1231 1601 “

152 1659 220 1721 hac
243 1659 355 1739 figura,
379 1658 495 1722 Iudam
517 1660 630 1722 mitius
654 1658 888 1741 accipiendum,
913 1678 1100 1738 quanquam
1179 1678 1180 1683 ¹

151 1748 248 1809 enim
275 1768 333 1828 per
354 1748 525 1829 Assyrium
553 1748 694 1811 afflictus
723 1754 786 1823 est,
817 1752 929 1811 tamen
959 1766 1025 1809 non
1053 1752 1102 1811 est

155 1843 302 1900 vastatus
325 1838 464 1918 penitus,
489 1838 569 1918 quin
587 1837 670 1901 vidit
684 1835 839 1899 miraculo
855 1833 1013 1899 divinitus
1028 1835 1099 1898 sub·

153 1932 286 1989 motum
301 1926 437 2048 hostem,
462 1927 520 2007 qui
535 1927 670 2008 posthac
685 1946 754 1989 non
768 1924 872 2000 rediit,
890 1924 975 1988 sicut
989 1924 1100 1988 Esaias

155 2015 330 2095 promittit.

247 2103 352 2180 Haec,
376 2103 485 2185 inquit
507 2104 678 2187 propheta,
708 2101 864 2166 accidunt
882 2100 972 2167 vobis
996 2106 1100 2167 vestro

152 2191 284 2256 merito.
331 2193 395 2256 Cur
416 2195 506 2256 enim
528 2214 595 2258 non
617 2187 783 2258 attenditis
806 2192 912 2268 verbo,
937 2197 970 2254 et
993 2197 1102 2254 sancte

155 2281 291 2344 vivitis?
329 2282 394 2344 Cur
415 2303 482 2346 non
504 2283 540 2344 in
562 2289 706 2365 tempore
729 2280 956 2346 convertimini
978 2280 1020 2342 ad
1048 2280 1100 2344 do·

153 2370 297 2448 minum,
322 2370 401 2434 dum
423 2372 562 2437 inveniri
583 2371 711 2455 potest?
734 2372 785 2433 lta
798 2370 886 2432 enim
905 2369 1102 2456 calamitates

154 2458 238 2523 istas
261 2461 457 2540 effugemus,
482 2466 515 2524 et
536 2459 709 2542 multiplici
731 2457 955 2522 benedictione
978 2473 1101 2520 ornare·

1223 194 1224 201 ⁴
1221 94 1223 103 -
1213 46 1223 67 -5
1211 21 1221 36 ῖ-

1249 682 1275 879 23-1-2*
1262 664 1264 667 -
1246 594 1275 651 ‘'Li-
1249 474 1275 573 '2:{313
1250 400 1275 439 ἐ,
1245 294 1275 381 ’.ἰξ-
1260 211 1270 226 ‹-
1272 174 1273 197 ᾼ
1247 140 1265 163 ³*
1251 109 1269 125 ἰ
1248 43 1259 70 ²

1248 2465 1275 2518 ἐξ
1251 2427 1255 2436 ‘
1249 2405 1257 2416 ²
1253 2369 1275 2390 :-
1247 1602 1275 2360 rxzn-vd—afflsseffi-ffizassg‘ssffiss-
1249 1506 1275 1589 „2:ss

151 2548 331 2612 miniato.
377 2550 468 2613 Haec
496 2555 546 2613 est
572 2549 696 2612 occasio
726 2548 824 2611 huius
859 2545 1100 2623 exhortationis,

155 2644 193 2701 et
206 2638 289 2701 belle
305 2634 543 2703 cohaeret'cum
558 2637 820 2702 comminatione.
844 2635 908 2698 Sed
920 2635 1104 2700 evolvemus
1244 2649 1275 2690 ι

156 2746 242 2802 eam,
267 2725 366 2806 digna
381 2729 469 2790 enim
484 2734 542 2805 est,
567 2746 650 2808 quae
672 2727 889 2791 consideretur
904 2725 1104 2804 diligentius,

155 2815 323 2894 siquidem
345 2835 454 2880 veram
477 2817 695 2898 poenitentiae
718 2815 876 2878 rationem
899 2813 1049 2877 ostendit.

208 2992 335 3073 aquirit
355 2993 515 3075 propheta
535 2992 697 3056 iusticiam
721 2997 753 3056 et
776 2990 1038 3066 beneficentiam,
1064 2989 1103 3053 si-

227 3088 284 3144 cut
305 3100 404 3163 supra
424 3081 460 3143 in
483 3087 573 3144 sexto
596 3081 701 3162 capite
725 3080 849 3157 docuit,
881 3098 957 3142 cum
982 3079 1104 3142 noticia

157 3168 215 3233 dei
245 3170 505 3250 coniungendam
535 3169 791 3245 beneficentiam.
837 3169 959 3231 Notum
994 3173 1104 3232 autem

157 3265 219 3336 est,
244 3259 324 3339 quid
347 3261 391 3322 sit
409 3258 546 3335 iusticia,
570 3278 688 3339 nempe
704 3257 849 3321 remissio
864 3249 1098 3339 peccatorum.²

157 3347 245 3409 Nam
269 3367 344 3410 oum
367 3353 498 3428 peccato
521 3347 567 3410 sic
590 3367 704 3411 sumus
725 3346 852 3422 infecti,
877 3351 914 3410 ut
936 3345 1017 3409 dum
1039 3364 1104 3408 oar·

252 3557 279 3625 1)
298 3556 427 3612 Esa.‘3l.
464 3556 493 3624 2)
512 3558 638 3612 Iusticia.

252 3717 277 3786 ⁶)
297 3718 334 3771 In
351 3733 439 3784 marg.
458 3718 520 3772 coll.
539 3719 613 3772 len:
632 3717 812 3772 Exhortatio.
