2575 4225
427 277 555 340 Hoseae
577 277 779 359 prophetae..
999 278 1064 343 365
1155 230 1160 239 ξ
1233 226 1238 241 ·

120 452 283 565 ’Facilia
303 455 384 517 haec
407 459 497 530 sunt,
522 455 686 536 pertinent
708 455 796 519 onim
819 455 861 518 ad
883 455 1066 521 idolatriam

19 624 23 630 ᾖ
123 587 128 591 -
201 543 379 607 ridendam.
427 542 513 618 Quid
536 544 624 607 enim
648 544 778 607 stultius
799 551 857 621 cst,
881 565 981 625 quam
996 566 1065 629 pro-

122 633 230 697 cidere
253 652 362 696 ceram
383 633 491 713 ligno,
514 633 638 714 lapide,
664 638 808 713 argento,
840 652 933 712 auro,
964 635 1065 699 homi·

122 743 207 787 num
228 722 380 785 manibus
402 723 511 785 facto?
534 721 598 785 Cur
618 742 686 784 non
702 722 880 803 prociditur
894 743 1001 787 coram
1017 744 1065 800 eo,
1151 780 1154 785 .
1266 774 1270 785 .

124 832 184 875 cur
205 813 234 874 is
257 832 323 875 non
346 811 531 887 invocatur,
563 810 684 891 quiex
706 811 809 874 nihilo
833 812 909 876 feeit
931 812 1067 877 omnia?

124 902 158 963 Is
181 900 270 963 enim
292 900 426 964 liberare
448 905 564 981 potest.
610 902 655 961 At
672 919 797 977 aurum,
822 906 1001 981 argentum,
1024 902 1067 964 la·
1153 930 1158 939 ·
1245 902 1253 935 ’ᾖ

124 989 235 1071 pidcs,
258 989 364 1069 ligna,
395 1009 437 1053 ne
460 1009 495 1052 se
517 988 651 1069 quidem
673 988 807 1051 liberare
830 996 980 1071 possunt,
1011 990 1068 1055 sed

18 1133 19 1148 ξ
122 1078 396 1142 comminuentur.
443 1078 486 1141 Et
507 1084 618 1141 tamen
640 1071 677 1142 iri
698 1078 760 1140 hac
782 1078 879 1160 turpi,
904 1078 1008 1155 foeda,
1036 1086 1068 1143 et

42 1168 52 1185 '
124 1168 251 1231 exitiali
273 1167 422 1231 idolatria
443 1173 531 1231 totus
552 1172 692 1249 papatus
708 1166 815 1229 adhuc
829 1186 954 1229 mersus
975 1168 1066 1233 iacet.
1117 1206 1120 1211 -

171 1344 377 1462 Qvoniam
391 1350 549 1409 ventum
564 1345 783 1421 seminant,
807 1351 958 1409 metent
972 1351 1068 1408 tero-

232 1440 446 1516 pestatem,
475 1434 608 1498 nullus
631 1435 789 1497 culmus
812 1434 1067 1510 invenietur,

171 1544 245 1587 nec
268 1543 432 1604 germen
455 1522 559 1603 quod
581 1522 754 1585 farinam
777 1522 917 1600 faciat,
949 1529 986 1586 et
1011 1529 1069 1587 ta·

172 1613 319 1675 mensi
342 1613 441 1676 forte
464 1612 607 1677 fecerit
628 1612 821 1689 farinam,
846 1612 972 1675 alieni
988 1632 1070 1675 earn

174 1702 437 1766 devorabunt.

18 1848 19 1864 ³
127 1841 165 1880 *¹¹³
189 1843 263 1906 ariti
297 1842 423 1910 consilii
460 1842 632 1925 descriptio
667 1845 725 1905 est.
772 1842 913 1923 Tempus
954 1841 1071 1905 sationi

201 1931 411 2014 aptissimum
426 1938 583 2009 osteum
600 1938 649 1995 est
663 1930 888 2011 tranquillima.
924 1928 976 1993 sic
991 1950 1070 1993 mes·

18 2100 19 2106 ¹
126 2024 174 2086 sis
203 2027 333 2102 tempus
356 2020 437 2087 nisi
458 2041 607 2085 serenum
641 2020 698 2096 sit,
734 2018 978 2083 incommodum
1013 2026 1070 2083 est.

18 2162 19 2198 Ξ
127 2113 217 2175 Dicit
237 2111 345 2192 igitur,
369 2109 468 2174 inicia
490 2111 574 2174 sieut
596 2116 673 2174 sunt
694 2113 825 2192 propter
843 2107 1026 2174 idolatriam
1041 2115 1074 2172 et

18 2202 21 2218 '
127 2200 284 2264 fiduciam
311 2200 348 2262 in
376 2199 525 2263 homines
551 2199 710 2275 infausta,
740 2198 786 2261 ita
814 2199 913 2262 etiam
939 2205 1073 2263 eventus

124 2296 225 2370 erunt
261 2287 452 2365 tristissimi,
487 2289 621 2370 perinde
656 2308 693 2350 ac
727 2287 767 2366 si,
785 2288 858 2368 quis
888 2288 925 2352 in
955 2307 1073 2368 magna

127 2383 322 2459 tempestate
345 2382 443 2454 serat,
473 2397 510 2440 aa
532 2378 569 2440 in
591 2378 719 2456 magnis
747 2374 906 2439 imbribus
934 2395 1073 2440 messem

131 2468 272 2548 colligat,
296 2465 344 2529 ibi
366 2467 422 2531 vix
443 2466 589 2531 invenies
612 2467 756 2529 culmum
779 2465 837 2546 qui
852 2464 937 2544 frugi
953 2464 995 2529 sit
1014 2471 1072 2529 etc.

174 2607 311 2719 Israel
332 2608 564 2685 devoratur,
582 2613 627 2671 et
649 2607 665 2669 f
671 2605 754 2670 acti
776 2605 850 2668 iam
866 2611 958 2669 sunt
972 2606 1075 2670 inter

225 2703 386 2779 gentes,
411 2698 521 2761 sicut
542 2717 621 2774 vas,
646 2695 753 2778 quod
777 2715 895 2758 nemo
915 2696 1009 2760 vul-t.

125 2837 288 2957 ἨὋιιοᾶ
302 2840 462 2922 propheta
476 2832 570 2903 toties
585 2838 723 2903 eandem
745 2857 813 2900 rem
836 2838 960 2919 repetit,
986 2859 1073 2918 argu-

237 2935 348 2992 mento
362 2934 420 3006 est,
445 2928 533 3010 quod
546 2947 652 3008 neque
666 2946 732 2990 uno
756 2933 788 2990 et
803 2925 917 2990 eodem
933 2933 1074 3008 tempore

127 3007 193 3084 ‚nee
214 3019 286 3081 loco
308 3018 477 3100 conciones
491 3019 554 3081 hae
570 3019 637 3081 sint
650 3015 790 3078 habitae.
829 3013 962 3091 Deinde,
988 3015 1075 3096 quod

131 3129 154 3170 a
175 3107 297 3172 securis
319 3107 473 3170 Israelitis
503 3106 639 3188 superbe
669 3109 872 3185 contemptae
901 3103 976 3166 sint.
1024 3103 1075 3166 Sic

127 3196 222 3260 euim
246 3196 350 3259 solent
371 3196 476 3277 impii,
500 3201 621 3276 quanto
637 3199 714 3257 sunt
727 3193 908 3275 propriores
922 3191 1073 3274 periculo,

128 3290 225 3349 ,tanto
260 3289 362 3364 agunt
395 3285 551 3363 securius,
581 3284 666 3347 sieut
696 3281 822 3345 Salomo
851 3276 963 3344 dicitz¹
997 3280 1074 3344 Con-

224 3459 252 3528 1)
271 3457 405 3531 Proverb.
426 3457 532 3513 16.****

226 3619 252 3686 *)
265 3620 401 3686 Inmerg.
415 3619 476 3672 coll.
490 3619 563 3672 Ion:
581 3617 720 3672 Idolatria
732 3617 849 3670 ridetur.
887 3588 975 3684 ”lIn
987 3634 1073 3684 marg.
1138 3677 1140 3682 y
1242 3583 1273 3688 ’ᾖξΙέΙ

165 3691 198 3744 ll.
224 3692 301 3745 Ien.:
327 3691 446 3744 Irritum
471 3689 631 3744 eonsilium.
669 3688 726 3756 ⁸⁸⁸)
746 3689 782 3740 In
807 3703 894 3754 marg.
919 3689 981 3742 coll.
1000 3689 1075 3742 Ion:

169 3778 233 3818 rusa
252 3760 368 3816 crebrae
386 3761 575 3830 repetitionis.
612 3759 684 3827 m⁸)
703 3760 792 3814 Deest
809 3759 841 3812 in
860 3759 921 3814 coll.
940 3759 1032 3814 Vuitt.
