2575 4225
426 263 553 332 Hoseae
575 263 761 346 prophetae.
1001 261 1069 327 359

121 442 209 507 falsa
245 440 405 507 invocatio
438 445 472 504 et
503 439 672 505 idolatrica
709 439 845 505 offendit
881 441 1096 521 grcussime·

122 549 220 595 aures
242 534 276 592 et
297 530 447 594 animum
468 529 548 593 eius.

214 619 336 682 Debuit
350 624 460 682 autam
474 618 555 681 haec
570 617 730 681 sententia
744 616 877 683 inscribi
892 618 1069 701 parietibus

121 707 275 774 omnium
300 708 511 788 templcm
539 707 711 789 praecipue
740 712 849 771 autom
877 726 1002 785 eorum,
1034 708 1070 771 in

122 796 246 877 quibus
279 795 414 877 collegia
447 795 699 859 sacrificulorum
732 800 818 859 sunt.
874 796 960 861 Nam
995 816 1078 861 cum
1121 808 1134 827 “
1186 806 1187 809 ’
1240 790 1258 853 i

125 885 201 951 istic
227 890 384 967 perpetuo
412 884 501 949 aliud
530 885 614 947 nihil
641 884 714 961 fiat,
744 903 844 966 quam
874 891 911 949 ut
942 905 1071 951 summa

123 973 333 1037 contentione
371 973 567 1039 decantetur.
627 973 789 1055 Propheta
824 970 878 1036 hic
915 975 1067 1051 ostendit,
1187 992 1189 997 ’

122 1061 207 1144 q'uid
229 1063 266 1125 in
287 1063 350 1125 hoc
372 1063 462 1126 cultu
483 1063 527 1127 eit
547 1061 633 1126 vicii.
1241 1080 1254 1117 Α

222 1146 385 1215 ¹Primum
407 1159 441 1216 et
462 1152 529 1215 fere
544 1170 711 1215 summum
734 1156 792 1227 cst,
816 1151 904 1232 quod
919 1150 948 1214 si
963 1170 1002 1214 ea
1023 1151 1070 1215 in-

125 1241 251 1305 vocatio
280 1247 345 1317 est,
379 1260 446 1305 non
475 1246 605 1304 tantum
623 1239 703 1303 ‚sine
730 1245 855 1315 mente,
884 1239 941 1305 sed
972 1240 1071 1304 etiam

123 1331 197 1393 sine
212 1329 303 1393 omni
325 1329 490 1395 intellectu
505 1335 563 1406 est,
586 1335 686 1406 tacc0,
703 1329 791 1410 quod
813 1329 870 1391 illc
884 1334 1070 1393 sanctorum

124 1437 186 1481 seu
208 1417 357 1482 divorum
378 1418 539 1483 invocatio
561 1418 598 1480 in
619 1424 726 1483 tntum
748 1417 915 1483 idolatriae
937 1424 995 1482 est.

18 1561 34 1594 ,Ι
218 1506 403 1571 Secundum
431 1508 552 1572 vicium
575 1513 638 1583 est,
668 1506 756 1589 quod
778 1525 867 1585 vere,
895 1507 980 1571 sicut
1000 1527 1070 1591 pro-

18 1595 19 1648 ἶ
123 1595 228 1678 pheta
253 1595 308 1660 hic
336 1594 431 1673 dicit,
465 1600 597 1679 propter
626 1596 827 1659 frumentum
861 1601 894 1659 et
926 1602 1072 1661 mustum

123 1689 372 1765 congregantm.
418 1685 489 1749 Nisi
518 1685 607 1747 enim
627 1684 685 1747 illa
712 1684 836 1766 premia
861 1684 940 1749 huic
967 1684 1071 1749 labori

18 1815 19 1822 ,
124 1779 238 1838 essent
263 1773 446 1856 proposita,
474 1779 645 1856 nunquam
672 1772 713 1835 ad
734 1772 795 1837 has
825 1792 937 1855 operas
961 1793 1071 1837 conve·

18 1893 19 1896 ¹
126 1861 245 1926 nitent.
302 1862 406 1943 Igitur
433 1862 513 1927 deus
537 1882 676 1938 eorum,
715 1880 813 1942 quem
840 1860 893 1925 his
922 1860 1071 1925 cantibus

17 1947 19 2017 j
125 1952 256 2028 colunt,
287 1970 354 2015 non
381 1958 431 2016 est
458 1950 539 2015 deus
565 1950 658 2028 coeii,
691 1969 790 2031 quem
820 1950 984 2026 nesciunt,
1015 1949 1072 2014 sed

17 2125 19 2148 .
125 2039 224 2124 panis
247 2044 281 2102 et
294 2040 417 2118 vinum,
441 2059 525 2122 quae
539 2044 671 2118 vorant,
688 2045 721 2102 et
739 2038 858 2121 quibus
873 2038 1070 2121 saginantur.

219 2129 365 2194 Tertium
386 2129 507 2194 vicium
536 2135 602 2206 est,
631 2129 720 2210 quod
749 2129 849 2193 istum
879 2130 1004 2194 cultum
1026 2128 1073 2194 sio
1203 2177 1204 2180 ,
1238 2117 1272 2204 bg

125 2223 303 2300 praestant,
331 2225 369 2284 ut
389 2218 521 2282 interim
543 2239 672 2289 summo
695 2224 812 2284 conatu
834 2223 867 2282 et
889 2217 996 2284 studio
1020 2215 1072 2282 ad-

125 2312 297 2372 versentur
318 2307 394 2385 dec,
423 2309 486 2371 hoc
508 2314 566 2385 est,
597 2327 696 2371 sanae
718 2305 891 2384 doctrinae,
915 2327 1016 2389 quam
1037 2307 1073 2370 in
1189 2355 1190 2358 η

126 2402 236 2461 totum
258 2402 296 2460 ut
316 2397 477 2460 haeresim
498 2397 658 2460 damnant
679 2401 712 2460 et
726 2396 903 2460 extinctam
925 2396 1071 2478 cupiunt.
1176 2463 1178 2468 ,

125 2485 173 2550 Et
195 2485 318 2550 scilicet
339 2485 480 2568 impium
506 2485 680 2549 hominum
703 2503 804 2564 genus
834 2483 956 2548 audent
977 2483 1073 2547 inter·

126 2594 255 2655 rogare,
302 2593 361 2638 cur
395 2581 445 2638 tot
479 2573 668 2638 nominibus
701 2571 841 2655 impium
875 2572 999 2638 cultum
1032 2591 1076 2635 ex

17 2666 18 2742 ᾗ
126 2663 248 2728 nostris
271 2663 412 2728 ecclesiis
435 2663 646 2728 eiecerimus?
787 2663 790 2670 ’

222 2859 268 2904 cc
302 2840 443 2906 erudio
476 2846 516 2904 et
557 2840 673 2904 firmo
714 2839 885 2904 brachie
924 2858 1074 2915 eorum,

236 2929 306 2993 sed
329 2931 481 2994 malum
503 2935 644 2994 contra
666 2947 725 2992 me
748 2928 936 3008 cogitant.

182 3126 238 3170 aec
254 3110 392 3188 'queque
415 3108 546 3190 proprie
574 3106 616 3170 ad
641 3112 789 3188 tempora
810 3103 976 3168 Ierobeam
1005 3122 1074 3186 per·
1200 3141 1203 3144 -
1239 3081 1272 3160 d

204 3197 299 3262 tinet.
329 3196 567 3260 Commemorat
583 3202 694 3260 autem
709 3195 773 3258 duo
788 3191 954 3269 beneficia,
972 3211 1074 3272 eaque
1263 3191 1272 3232 i

128 3303 276 3362 summa,
307 3285 453 3366 primum
474 3291 538 3361 est,
568 3284 658 3364 quod
685 3304 743 3366 per
773 3283 946 3365 prophetas
970 3279 1076 3346 erudit

151 3379 165 3436 t
192 3373 461 3438 mittitverbum
506 3373 634 3436 Habuit
656 3373 743 3436 enim
769 3371 805 3435 id
831 3375 961 3452 tempus
980 3368 1074 3450 ‚quin-

151 3481 196 3541 ,ue
225 3461 370 3543 insignes
397 3462 586 3545 prophetas,
609 3463 723 3538 Amos,
748 3462 905 3536 Hoseam,
935 3457 1074 3534 Esaiam,

151 3550 294 3627 dicham,
323 3551 469 3628 Nahum,
507 3551 565 3632 qui
593 3570 705 3616 omnes
734 3547 892 3614 cohortati
917 3545 1079 3632 populum

224 3743 252 3812 1)
270 3743 353 3799 Vicia
371 3742 562 3801 invocationis
580 3743 613 3798 in
629 3745 760 3812 papatus
