<?xml version="1.0" encoding="UTF-8"?>
<!DOCTYPE html PUBLIC "-//W3C//DTD XHTML 1.0 Transitional//EN"
    "http://www.w3.org/TR/xhtml1/DTD/xhtml1-transitional.dtd">
<html xmlns="http://www.w3.org/1999/xhtml" xml:lang="en" lang="en">
 <head>
  <title>
</title>
<meta http-equiv="Content-Type" content="text/html;charset=utf-8" />
  <meta name='ocr-system' content='tesseract 3.04.00' />
  <meta name='ocr-capabilities' content='ocr_page ocr_carea ocr_par ocr_line ocrx_word'/>
</head>
<body>
  <div class='ocr_page' id='page_1' title='image "./exegeticaoperal13luthgoog_0059.png"; bbox 0 0 2575 4225; ppageno 0'>
   <div class='ocr_carea' id='block_1_1' title="bbox 421 288 1655 371">
    <p class='ocr_par' dir='ltr' id='par_1_1' title="bbox 421 288 1655 371">
     <span class='ocr_line' id='line_1_1' title="bbox 421 288 1655 371; baseline 0 -21"><span class='ocrx_word' id='word_1_1' title='bbox 421 293 505 353; x_wconf 63' lang='lat'><strong>45</strong></span> <span class='ocrx_word' id='word_1_2' title='bbox 1047 288 1257 371; x_wconf 88' lang='lat' dir='ltr'><strong>Caput</strong></span> <span class='ocrx_word' id='word_1_3' title='bbox 1303 288 1655 371; x_wconf 86' lang='lat' dir='ltr'><strong>septimum</strong></span> 
     </span>
    </p>
   </div>
   <div class='ocr_carea' id='block_1_2' title="bbox 601 465 1587 636">
    <p class='ocr_par' dir='ltr' id='par_1_2' title="bbox 601 465 1587 636">
     <span class='ocr_line' id='line_1_2' title="bbox 1113 465 1587 530; baseline -0.004 -2"><span class='ocrx_word' id='word_1_4' title='bbox 1113 465 1373 530; x_wconf 80' lang='lat' dir='ltr'><strong>Reversi</strong></span> <span class='ocrx_word' id='word_1_5' title='bbox 1418 471 1587 528; x_wconf 79' lang='lat' dir='ltr'><strong>eunt.</strong></span> 
     </span>
     <span class='ocr_line' id='line_1_3' title="bbox 601 572 1000 636; baseline -0.003 -3"><span class='ocrx_word' id='word_1_6' title='bbox 601 572 1000 636; x_wconf 79' lang='lat' dir='ltr'><strong>revertuntui·</strong></span> 
     </span>
    </p>
   </div>
   <div class='ocr_carea' id='block_1_3' title="bbox 425 730 2305 989">
    <p class='ocr_par' dir='ltr' id='par_1_3' title="bbox 425 730 2305 989">
     <span class='ocr_line' id='line_1_4' title="bbox 1137 730 1576 809; baseline 0.002 -18"><span class='ocrx_word' id='word_1_7' title='bbox 1137 730 1380 809; x_wconf 80' lang='lat' dir='ltr'><strong>absque</strong></span> <span class='ocrx_word' id='word_1_8' title='bbox 1425 730 1576 809; x_wconf 88' lang='lat' dir='ltr'><strong>iugo</strong></span> 
     </span>
     <span class='ocr_line' id='line_1_5' title="bbox 425 835 2305 915; baseline -0.001 -14"><span class='ocrx_word' id='word_1_9' title='bbox 425 841 517 901; x_wconf 59' lang='lat' dir='ltr'><strong>vel</strong></span> <span class='ocrx_word' id='word_1_10' title='bbox 573 838 767 915; x_wconf 77' lang='lat' dir='ltr'><strong>liberi,</strong></span> <span class='ocrx_word' id='word_1_11' title='bbox 815 837 884 900; x_wconf 90' lang='lat' dir='ltr'><strong>id</strong></span> <span class='ocrx_word' id='word_1_12' title='bbox 930 842 1055 901; x_wconf 78' lang='lat' dir='ltr'><strong>est:</strong></span> <span class='ocrx_word' id='word_1_13' title='bbox 1104 842 1402 899; x_wconf 86' lang='lat' dir='ltr'><strong>avertunt</strong></span> <span class='ocrx_word' id='word_1_14' title='bbox 1431 855 1586 911; x_wconf 84' lang='grc' dir='ltr'>εθεθ,</span> <span class='ocrx_word' id='word_1_15' title='bbox 1632 835 1849 912; x_wconf 89' lang='lat' dir='ltr'><strong>libere,</strong></span> <span class='ocrx_word' id='word_1_16' title='bbox 1897 842 1972 899; x_wconf 93' lang='lat' dir='ltr'><strong>ut</strong></span> <span class='ocrx_word' id='word_1_17' title='bbox 2002 856 2135 899; x_wconf 91' lang='lat' dir='ltr'><strong>non</strong></span> <span class='ocrx_word' id='word_1_18' title='bbox 2166 838 2305 901; x_wconf 79' lang='lat' dir='ltr'><strong>sint</strong></span> 
     </span>
     <span class='ocr_line' id='line_1_6' title="bbox 425 924 2304 989; baseline -0.001 0"><span class='ocrx_word' id='word_1_19' title='bbox 425 933 541 989; x_wconf 59' lang='grc' dir='ltr'><strong>ειιῑι</strong></span> <span class='ocrx_word' id='word_1_20' title='bbox 593 948 693 989; x_wconf 82' lang='lat' dir='ltr'><strong>me</strong></span> <span class='ocrx_word' id='word_1_21' title='bbox 738 932 815 989; x_wconf 87' lang='lat' dir='ltr'><strong>ut</strong></span> <span class='ocrx_word' id='word_1_22' title='bbox 858 947 993 989; x_wconf 93' lang='lat' dir='ltr'><strong>non</strong></span> <span class='ocrx_word' id='word_1_23' title='bbox 1049 925 1259 988; x_wconf 88' lang='lat' dir='ltr'><strong>ferant</strong></span> <span class='ocrx_word' id='word_1_24' title='bbox 1319 925 1588 986; x_wconf 85' lang='lat' dir='ltr'><strong>verbum</strong></span> <span class='ocrx_word' id='word_1_25' title='bbox 1641 942 1878 986; x_wconf 89' lang='lat' dir='ltr'><strong>meum.</strong></span> <span class='ocrx_word' id='word_1_26' title='bbox 1971 924 2134 987; x_wconf 90' lang='lat' dir='ltr'><strong>Inde</strong></span> <span class='ocrx_word' id='word_1_27' title='bbox 2180 925 2304 988; x_wconf 88' lang='lat' dir='ltr'><strong>filii</strong></span> 
     </span>
    </p>
   </div>
   <div class='ocr_carea' id='block_1_4' title="bbox 421 1012 2302 1169">
    <p class='ocr_par' dir='ltr' id='par_1_4' title="bbox 421 1012 2302 1169">
     <span class='ocr_line' id='line_1_7' title="bbox 421 1012 2302 1097; baseline -0.001 -20"><span class='ocrx_word' id='word_1_28' title='bbox 421 1017 637 1093; x_wconf 56' lang='lat' dir='ltr'><strong>Belial„</strong></span> <span class='ocrx_word' id='word_1_29' title='bbox 687 1013 986 1097; x_wconf 74' lang='lat' dir='ltr'><strong>nubenbige</strong></span> <span class='ocrx_word' id='word_1_30' title='bbox 1029 1012 1230 1091; x_wconf 59' lang='lat' dir='ltr'><strong>silibet,</strong></span> <span class='ocrx_word' id='word_1_31' title='bbox 1287 1013 1359 1075; x_wconf 87' lang='lat' dir='ltr'><strong>id</strong></span> <span class='ocrx_word' id='word_1_32' title='bbox 1419 1020 1533 1089; x_wconf 87' lang='grc' dir='ltr'>θεῖ,</span> <span class='ocrx_word' id='word_1_33' title='bbox 1592 1033 1724 1075; x_wconf 91' lang='lat' dir='ltr'><strong>non</strong></span> <span class='ocrx_word' id='word_1_34' title='bbox 1776 1013 2005 1077; x_wconf 89' lang='lat' dir='ltr'><strong>volunt</strong></span> <span class='ocrx_word' id='word_1_35' title='bbox 2065 1014 2302 1077; x_wconf 79' lang='lat' dir='ltr'><strong>subiici</strong></span> 
     </span>
     <span class='ocr_line' id='line_1_8' title="bbox 425 1102 1798 1169; baseline -0.003 -3"><span class='ocrx_word' id='word_1_36' title='bbox 425 1129 565 1169; x_wconf 64' lang='lat' dir='ltr'><strong>nim</strong></span> <span class='ocrx_word' id='word_1_37' title='bbox 613 1106 875 1169; x_wconf 75' lang='lat' dir='ltr'><strong>consilio</strong></span> <span class='ocrx_word' id='word_1_38' title='bbox 922 1103 1048 1166; x_wconf 88' lang='lat' dir='ltr'><strong>fide</strong></span> <span class='ocrx_word' id='word_1_39' title='bbox 1095 1109 1160 1166; x_wconf 90' lang='lat' dir='ltr'><strong>et</strong></span> <span class='ocrx_word' id='word_1_40' title='bbox 1203 1102 1370 1164; x_wconf 89' lang='lat' dir='ltr'><strong>mihi</strong></span> <span class='ocrx_word' id='word_1_41' title='bbox 1416 1102 1661 1165; x_wconf 81' lang='lat' dir='ltr'><strong>subiici.</strong></span> <span class='ocrx_word' id='word_1_42' title='bbox 1714 1136 1798 1146; x_wconf 90' lang='lat'>—</span> 
     </span>
    </p>
   </div>
   <div class='ocr_carea' id='block_1_5' title="bbox 1083 1257 1645 1325">
    <p class='ocr_par' dir='ltr' id='par_1_5' title="bbox 1083 1257 1645 1325">
     <span class='ocr_line' id='line_1_9' title="bbox 1083 1257 1645 1325; baseline 0 -2"><span class='ocrx_word' id='word_1_43' title='bbox 1083 1257 1321 1323; x_wconf 83' lang='lat' dir='ltr'><strong>²Arcus</strong></span> <span class='ocrx_word' id='word_1_44' title='bbox 1368 1260 1645 1325; x_wconf 81' lang='lat' dir='ltr'><strong>dolosus.</strong></span> 
     </span>
    </p>
   </div>
   <div class='ocr_carea' id='block_1_6' title="bbox 425 1367 2307 2692">
    <p class='ocr_par' dir='ltr' id='par_1_6' title="bbox 425 1367 2307 2692">
     <span class='ocr_line' id='line_1_10' title="bbox 425 1367 2301 1453; baseline -0.002 -20"><span class='ocrx_word' id='word_1_45' title='bbox 425 1373 673 1453; x_wconf 65' lang='lat' dir='ltr'><strong>plu-:ieie</strong></span> <span class='ocrx_word' id='word_1_46' title='bbox 727 1371 1104 1450; x_wconf 78' lang='lat' dir='ltr'>scripturae,</span> <span class='ocrx_word' id='word_1_47' title='bbox 1154 1368 1554 1447; x_wconf 81' lang='lat' dir='ltr'><strong>frequentius</strong></span> <span class='ocrx_word' id='word_1_48' title='bbox 1609 1368 1680 1429; x_wconf 92' lang='lat' dir='ltr'><strong>in</strong></span> <span class='ocrx_word' id='word_1_49' title='bbox 1737 1368 2067 1450; x_wconf 79' lang='lat' dir='ltr'><strong>prophetis</strong></span> <span class='ocrx_word' id='word_1_50' title='bbox 2122 1367 2301 1447; x_wconf 90' lang='lat' dir='ltr'><strong>quod</strong></span> 
     </span>
     <span class='ocr_line' id='line_1_11' title="bbox 425 1458 2298 1540; baseline -0.001 -19"><span class='ocrx_word' id='word_1_51' title='bbox 425 1461 569 1521; x_wconf 59' lang='lat' dir='ltr'><strong>ilum</strong></span> <span class='ocrx_word' id='word_1_52' title='bbox 585 1461 725 1521; x_wconf 77' lang='lat' dir='ltr'><strong>iiius</strong></span> <span class='ocrx_word' id='word_1_53' title='bbox 769 1460 841 1521; x_wconf 88' lang='lat' dir='ltr'><strong>in</strong></span> <span class='ocrx_word' id='word_1_54' title='bbox 887 1458 1201 1540; x_wconf 89' lang='lat' dir='ltr'><strong>populum</strong></span> <span class='ocrx_word' id='word_1_55' title='bbox 1247 1477 1439 1519; x_wconf 79' lang='lat' dir='ltr'><strong>suum</strong></span> <span class='ocrx_word' id='word_1_56' title='bbox 1488 1458 1770 1538; x_wconf 84' lang='lat' dir='ltr'><strong>appellat</strong></span> <span class='ocrx_word' id='word_1_57' title='bbox 1827 1476 2073 1532; x_wconf 87' lang='lat' dir='ltr'><strong>arcum,</strong></span> <span class='ocrx_word' id='word_1_58' title='bbox 2122 1476 2298 1538; x_wconf 87' lang='lat' dir='ltr'><strong>prae-</strong></span> 
     </span>
     <span class='ocr_line' id='line_1_12' title="bbox 425 1537 2301 1627; baseline -0.001 -18"><span class='ocrx_word' id='word_1_59' title='bbox 425 1549 772 1609; x_wconf 49' lang='lat' dir='ltr'><strong>diem-orem</strong></span> <span class='ocrx_word' id='word_1_60' title='bbox 819 1546 1119 1627; x_wconf 82' lang='lat' dir='ltr'><strong>sagittam</strong></span> <span class='ocrx_word' id='word_1_61' title='bbox 1185 1544 1261 1609; x_wconf 80' lang='lat' dir='ltr'><strong>1it</strong></span> <span class='ocrx_word' id='word_1_62' title='bbox 1328 1537 1422 1607; x_wconf 79' lang='lat' dir='ltr'><strong>in‘</strong></span> <span class='ocrx_word' id='word_1_63' title='bbox 1444 1565 1538 1626; x_wconf 76' lang='lat' dir='ltr'><strong>ps,</strong></span> <span class='ocrx_word' id='word_1_64' title='bbox 1633 1545 1764 1607; x_wconf 81' lang='lat' dir='ltr'><strong>Nos</strong></span> <span class='ocrx_word' id='word_1_65' title='bbox 1833 1564 2055 1607; x_wconf 79' lang='lat' dir='ltr'><strong>sumus</strong></span> <span class='ocrx_word' id='word_1_66' title='bbox 2116 1564 2301 1607; x_wconf 76' lang='lat' dir='ltr'><strong>arcus</strong></span> 
     </span>
     <span class='ocr_line' id='line_1_13' title="bbox 425 1634 2301 1716; baseline -0.001 -19"><span class='ocrx_word' id='word_1_67' title='bbox 425 1637 690 1712; x_wconf 60' lang='lat' dir='ltr'><strong>domini,</strong></span> <span class='ocrx_word' id='word_1_68' title='bbox 739 1634 999 1716; x_wconf 88' lang='lat' dir='ltr'><strong>quando</strong></span> <span class='ocrx_word' id='word_1_69' title='bbox 1043 1634 1405 1697; x_wconf 73' lang='lat' dir='ltr'><strong>incedimus</strong></span> <span class='ocrx_word' id='word_1_70' title='bbox 1451 1636 1522 1695; x_wconf 90' lang='lat' dir='ltr'><strong>in</strong></span> <span class='ocrx_word' id='word_1_71' title='bbox 1566 1634 1760 1698; x_wconf 87' lang='lat' dir='ltr'><strong>verbo</strong></span> <span class='ocrx_word' id='word_1_72' title='bbox 1807 1653 1921 1696; x_wconf 79' lang='lat' dir='ltr'><strong>suo</strong></span> <span class='ocrx_word' id='word_1_73' title='bbox 1963 1640 2301 1714; x_wconf 83' lang='lat' dir='ltr'><strong>tamquam</strong></span> 
     </span>
     <span class='ocr_line' id='line_1_14' title="bbox 425 1722 2301 1805; baseline 0 -20"><span class='ocrx_word' id='word_1_74' title='bbox 425 1729 489 1785; x_wconf 74' lang='lat' dir='ltr'><strong>lli</strong></span> <span class='ocrx_word' id='word_1_75' title='bbox 541 1724 754 1801; x_wconf 63' lang='lat' dir='ltr'><strong>armis,</strong></span> <span class='ocrx_word' id='word_1_76' title='bbox 804 1723 1065 1805; x_wconf 89' lang='lat' dir='ltr'><strong>quando</strong></span> <span class='ocrx_word' id='word_1_77' title='bbox 1111 1743 1226 1805; x_wconf 89' lang='lat' dir='ltr'><strong>per</strong></span> <span class='ocrx_word' id='word_1_78' title='bbox 1271 1743 1389 1785; x_wconf 79' lang='lat' dir='ltr'><strong>nos</strong></span> <span class='ocrx_word' id='word_1_79' title='bbox 1437 1729 1686 1804; x_wconf 80' lang='lat' dir='ltr'><strong>pugnat</strong></span> <span class='ocrx_word' id='word_1_80' title='bbox 1743 1728 1965 1785; x_wconf 84' lang='lat' dir='ltr'><strong>contra</strong></span> <span class='ocrx_word' id='word_1_81' title='bbox 2007 1722 2301 1785; x_wconf 80' lang='lat' dir='ltr'><strong>infideles</strong></span> 
     </span>
     <span class='ocr_line' id='line_1_15' title="bbox 425 1812 2303 1895; baseline 0 -22"><span class='ocrx_word' id='word_1_82' title='bbox 425 1825 481 1877; x_wconf 61' lang='lat' dir='ltr'><strong>ei</strong></span> <span class='ocrx_word' id='word_1_83' title='bbox 537 1814 785 1895; x_wconf 77' lang='lat' dir='ltr'><strong>impios,</strong></span> <span class='ocrx_word' id='word_1_84' title='bbox 835 1819 991 1875; x_wconf 93' lang='lat' dir='ltr'><strong>tunc</strong></span> <span class='ocrx_word' id='word_1_85' title='bbox 1035 1832 1342 1876; x_wconf 82' lang='lat' dir='ltr'><strong>vocamur</strong></span> <span class='ocrx_word' id='word_1_86' title='bbox 1387 1832 1569 1874; x_wconf 80' lang='lat' dir='ltr'><strong>arcus</strong></span> <span class='ocrx_word' id='word_1_87' title='bbox 1614 1812 1836 1894; x_wconf 73' lang='lat' dir='ltr'><strong>ipsine,</strong></span> <span class='ocrx_word' id='word_1_88' title='bbox 1895 1816 2144 1892; x_wconf 79' lang='lat' dir='ltr'><strong>pugnat</strong></span> <span class='ocrx_word' id='word_1_89' title='bbox 2188 1831 2303 1892; x_wconf 85' lang='lat' dir='ltr'><strong>per</strong></span> 
     </span>
     <span class='ocr_line' id='line_1_16' title="bbox 425 1900 2299 1979; baseline -0.001 -14"><span class='ocrx_word' id='word_1_90' title='bbox 425 1905 693 1965; x_wconf 55' lang='lat' dir='ltr'><strong>verliuin</strong></span> <span class='ocrx_word' id='word_1_91' title='bbox 737 1922 946 1965; x_wconf 78' lang='lat' dir='ltr'><strong>suum.</strong></span> <span class='ocrx_word' id='word_1_92' title='bbox 1041 1900 1230 1963; x_wconf 83' lang='lat' dir='ltr'><strong>Unde</strong></span> <span class='ocrx_word' id='word_1_93' title='bbox 1275 1920 1395 1963; x_wconf 80' lang='lat' dir='ltr'><strong>nos</strong></span> <span class='ocrx_word' id='word_1_94' title='bbox 1442 1906 1507 1963; x_wconf 89' lang='lat' dir='ltr'><strong>et</strong></span> <span class='ocrx_word' id='word_1_95' title='bbox 1552 1918 1733 1963; x_wconf 77' lang='lat' dir='ltr'><strong>arcus</strong></span> <span class='ocrx_word' id='word_1_96' title='bbox 1793 1905 1857 1962; x_wconf 90' lang='lat' dir='ltr'><strong>et</strong></span> <span class='ocrx_word' id='word_1_97' title='bbox 1915 1900 2151 1979; x_wconf 82' lang='lat' dir='ltr'><strong>sagitta</strong></span> <span class='ocrx_word' id='word_1_98' title='bbox 2204 1920 2299 1963; x_wconf 80' lang='lat' dir='ltr'><strong>su-</strong></span> 
     </span>
     <span class='ocr_line' id='line_1_17' title="bbox 425 1988 2301 2069; baseline -0.001 -16"><span class='ocrx_word' id='word_1_99' title='bbox 425 2013 589 2053; x_wconf 64' lang='lat' dir='ltr'>IHUH.</span> <span class='ocrx_word' id='word_1_100' title='bbox 683 1992 850 2054; x_wconf 91' lang='lat' dir='ltr'><strong>fiunt</strong></span> <span class='ocrx_word' id='word_1_101' title='bbox 894 2008 1078 2053; x_wconf 79' lang='lat' dir='ltr'><strong>arcus</strong></span> <span class='ocrx_word' id='word_1_102' title='bbox 1110 1990 1309 2053; x_wconf 78' lang='lat' dir='ltr'><strong>falsus</strong></span> <span class='ocrx_word' id='word_1_103' title='bbox 1341 1995 1562 2052; x_wconf 86' lang='lat' dir='ltr'><strong>contra</strong></span> <span class='ocrx_word' id='word_1_104' title='bbox 1604 2009 1729 2064; x_wconf 89' lang='lat' dir='ltr'><strong>me,</strong></span> <span class='ocrx_word' id='word_1_105' title='bbox 1777 2008 1892 2069; x_wconf 86' lang='lat' dir='ltr'><strong>per</strong></span> <span class='ocrx_word' id='word_1_106' title='bbox 1922 2008 2084 2068; x_wconf 80' lang='lat' dir='ltr'><strong>quos</strong></span> <span class='ocrx_word' id='word_1_107' title='bbox 2117 1988 2301 2052; x_wconf 89' lang='lat' dir='ltr'><strong>debe·</strong></span> 
     </span>
     <span class='ocr_line' id='line_1_18' title="bbox 429 2076 2306 2162; baseline -0.002 -20"><span class='ocrx_word' id='word_1_108' title='bbox 429 2085 573 2142; x_wconf 72' lang='lat' dir='ltr'><strong>Imm</strong></span> <span class='ocrx_word' id='word_1_109' title='bbox 641 2081 1038 2162; x_wconf 77' lang='lat' dir='ltr'><strong>impietatem</strong></span> <span class='ocrx_word' id='word_1_110' title='bbox 1099 2098 1496 2160; x_wconf 84' lang='lat' dir='ltr'><strong>expugnare,</strong></span> <span class='ocrx_word' id='word_1_111' title='bbox 1569 2078 1696 2160; x_wconf 80' lang='lat' dir='ltr'><strong>ipsi</strong></span> <span class='ocrx_word' id='word_1_112' title='bbox 1761 2076 1978 2141; x_wconf 78' lang='lat' dir='ltr'><strong>studia</strong></span> <span class='ocrx_word' id='word_1_113' title='bbox 2045 2082 2306 2140; x_wconf 89' lang='lat' dir='ltr'><strong>vertunt</strong></span> 
     </span>
     <span class='ocr_line' id='line_1_19' title="bbox 429 2167 2301 2249; baseline -0.001 -19"><span class='ocrx_word' id='word_1_114' title='bbox 429 2178 649 2230; x_wconf 62' lang='lat' dir='ltr'><strong>wintra</strong></span> <span class='ocrx_word' id='word_1_115' title='bbox 691 2170 1000 2249; x_wconf 88' lang='lat' dir='ltr'><strong>pietatem</strong></span> <span class='ocrx_word' id='word_1_116' title='bbox 1045 2187 1210 2247; x_wconf 86' lang='lat' dir='ltr'><strong>quae</strong></span> <span class='ocrx_word' id='word_1_117' title='bbox 1256 2167 1580 2230; x_wconf 89' lang='lat' dir='ltr'><strong>debebant</strong></span> <span class='ocrx_word' id='word_1_118' title='bbox 1624 2172 1865 2231; x_wconf 80' lang='lat' dir='ltr'><strong>vertere</strong></span> <span class='ocrx_word' id='word_1_119' title='bbox 1923 2173 2146 2229; x_wconf 86' lang='lat' dir='ltr'><strong>contra</strong></span> <span class='ocrx_word' id='word_1_120' title='bbox 2188 2167 2301 2229; x_wconf 88' lang='lat' dir='ltr'><strong>im-</strong></span> 
     </span>
     <span class='ocr_line' id='line_1_20' title="bbox 429 2252 2305 2338; baseline 0 -20"><span class='ocrx_word' id='word_1_121' title='bbox 429 2258 752 2338; x_wconf 57' lang='lat' dir='ltr'><strong>piszzmtem.</strong></span> <span class='ocrx_word' id='word_1_122' title='bbox 847 2253 938 2323; x_wconf 72' lang='lat' dir='ltr'><strong>ein</strong></span> <span class='ocrx_word' id='word_1_123' title='bbox 965 2252 1305 2338; x_wconf 68' lang='lat' dir='ltr'><strong>bettinitIJet</strong></span> <span class='ocrx_word' id='word_1_124' title='bbox 1335 2253 1511 2337; x_wconf 74' lang='lat' dir='ltr'><strong>hogen</strong></span> <span class='ocrx_word' id='word_1_125' title='bbox 1541 2256 1697 2336; x_wconf 88' lang='lat' dir='ltr'><strong>quia</strong></span> <span class='ocrx_word' id='word_1_126' title='bbox 1726 2254 1968 2337; x_wconf 78' lang='lat' dir='ltr'><strong>species</strong></span> <span class='ocrx_word' id='word_1_127' title='bbox 2000 2260 2099 2318; x_wconf 90' lang='grc' dir='ltr'><strong>θεῖ</strong></span> <span class='ocrx_word' id='word_1_128' title='bbox 2129 2255 2305 2336; x_wconf 91' lang='lat' dir='ltr'><strong>quod</strong></span> 
     </span>
     <span class='ocr_line' id='line_1_21' title="bbox 429 2343 2307 2427; baseline 0 -21"><span class='ocrx_word' id='word_1_129' title='bbox 429 2351 724 2426; x_wconf 58' lang='lat' dir='ltr'><strong>Jiiigi‘ient</strong></span> <span class='ocrx_word' id='word_1_130' title='bbox 763 2365 882 2426; x_wconf 89' lang='lat' dir='ltr'><strong>pro</strong></span> <span class='ocrx_word' id='word_1_131' title='bbox 914 2344 1171 2426; x_wconf 90' lang='lat' dir='ltr'><strong>pietate,</strong></span> <span class='ocrx_word' id='word_1_132' title='bbox 1221 2343 1335 2406; x_wconf 78' lang='lat' dir='ltr'><strong>sed</strong></span> <span class='ocrx_word' id='word_1_133' title='bbox 1364 2343 1492 2406; x_wconf 80' lang='lat' dir='ltr'><strong>ista</strong></span> <span class='ocrx_word' id='word_1_134' title='bbox 1514 2345 1723 2427; x_wconf 81' lang='lat' dir='ltr'><strong>specie</strong></span> <span class='ocrx_word' id='word_1_135' title='bbox 1755 2349 2053 2425; x_wconf 86' lang='lat' dir='ltr'><strong>pugnant</strong></span> <span class='ocrx_word' id='word_1_136' title='bbox 2080 2350 2307 2407; x_wconf 83' lang='lat' dir='ltr'><strong>contra</strong></span> 
     </span>
     <span class='ocr_line' id='line_1_22' title="bbox 429 2432 2306 2514; baseline 0 -20"><span class='ocrx_word' id='word_1_137' title='bbox 429 2438 734 2514; x_wconf 66' lang='lat' dir='ltr'><strong>pictatem</strong></span> <span class='ocrx_word' id='word_1_138' title='bbox 788 2439 906 2497; x_wconf 87' lang='lat' dir='ltr'><strong>etc.</strong></span> <span class='ocrx_word' id='word_1_139' title='bbox 930 2483 943 2510; x_wconf 92' lang='lat'>‚</span> <span class='ocrx_word' id='word_1_140' title='bbox 1013 2433 1083 2495; x_wconf 89' lang='lat' dir='ltr'><strong>id</strong></span> <span class='ocrx_word' id='word_1_141' title='bbox 1142 2438 1268 2496; x_wconf 76' lang='lat' dir='ltr'><strong>est:</strong></span> <span class='ocrx_word' id='word_1_142' title='bbox 1338 2433 1842 2496; x_wconf 75' lang='lat' dir='ltr'><strong>instrumentum</strong></span> <span class='ocrx_word' id='word_1_143' title='bbox 1910 2432 2108 2494; x_wconf 86' lang='lat' dir='ltr'><strong>fallax</strong></span> <span class='ocrx_word' id='word_1_144' title='bbox 2173 2452 2306 2512; x_wconf 85' lang='lat' dir='ltr'><strong>quo</strong></span> 
     </span>
     <span class='ocr_line' id='line_1_23' title="bbox 429 2520 2307 2604; baseline 0.002 -24"><span class='ocrx_word' id='word_1_145' title='bbox 429 2526 525 2582; x_wconf 66' lang='lat' dir='ltr'><strong>fiel</strong></span> <span class='ocrx_word' id='word_1_146' title='bbox 541 2542 727 2586; x_wconf 61' lang='lat' dir='ltr'><strong>:ci-em</strong></span> <span class='ocrx_word' id='word_1_147' title='bbox 782 2522 881 2585; x_wconf 90' lang='lat' dir='ltr'><strong>uti</strong></span> <span class='ocrx_word' id='word_1_148' title='bbox 937 2527 1156 2586; x_wconf 84' lang='lat' dir='ltr'><strong>contra</strong></span> <span class='ocrx_word' id='word_1_149' title='bbox 1209 2522 1613 2604; x_wconf 85' lang='lat' dir='ltr'><strong>impietatem</strong></span> <span class='ocrx_word' id='word_1_150' title='bbox 1628 2572 1641 2598; x_wconf 92' lang='lat'>,</span> <span class='ocrx_word' id='word_1_151' title='bbox 1706 2522 1834 2603; x_wconf 82' lang='lat' dir='ltr'><strong>ipsi</strong></span> <span class='ocrx_word' id='word_1_152' title='bbox 1877 2520 2049 2583; x_wconf 86' lang='lat' dir='ltr'><strong>bona</strong></span> <span class='ocrx_word' id='word_1_153' title='bbox 2092 2521 2307 2601; x_wconf 81' lang='lat' dir='ltr'><strong>specie</strong></span> 
     </span>
     <span class='ocr_line' id='line_1_24' title="bbox 429 2611 1324 2692; baseline 0.002 -22"><span class='ocrx_word' id='word_1_154' title='bbox 429 2615 688 2672; x_wconf 63' lang='lat' dir='ltr'><strong>vertunt</strong></span> <span class='ocrx_word' id='word_1_155' title='bbox 731 2615 953 2673; x_wconf 84' lang='lat' dir='ltr'><strong>contra</strong></span> <span class='ocrx_word' id='word_1_156' title='bbox 996 2611 1324 2692; x_wconf 86' lang='lat' dir='ltr'><strong>pietatem.</strong></span> 
     </span>
    </p>
   </div>
   <div class='ocr_carea' id='block_1_7' title="bbox 1161 2769 1571 2833">
    <p class='ocr_par' dir='ltr' id='par_1_7' title="bbox 1161 2769 1571 2833">
     <span class='ocr_line' id='line_1_25' title="bbox 1161 2769 1571 2833; baseline -0.005 0"><span class='ocrx_word' id='word_1_157' title='bbox 1161 2769 1411 2833; x_wconf 77' lang='lat' dir='ltr'><strong>Cadent</strong></span> <span class='ocrx_word' id='word_1_158' title='bbox 1454 2775 1571 2833; x_wconf 90' lang='lat' dir='ltr'><strong>etc.</strong></span> 
     </span>
    </p>
   </div>
   <div class='ocr_carea' id='block_1_8' title="bbox 433 2874 2309 3134">
    <p class='ocr_par' dir='ltr' id='par_1_8' title="bbox 433 2874 2309 3134">
     <span class='ocr_line' id='line_1_26' title="bbox 609 2874 2309 2956; baseline 0 -18"><span class='ocrx_word' id='word_1_159' title='bbox 609 2875 850 2938; x_wconf 60' lang='lat' dir='ltr'><strong>Scilicet</strong></span> <span class='ocrx_word' id='word_1_160' title='bbox 893 2896 1058 2956; x_wconf 86' lang='lat' dir='ltr'><strong>ergo.</strong></span> <span class='ocrx_word' id='word_1_161' title='bbox 1154 2897 1304 2940; x_wconf 90' lang='lat' dir='ltr'><strong>cum</strong></span> <span class='ocrx_word' id='word_1_162' title='bbox 1350 2877 1588 2940; x_wconf 76' lang='lat' dir='ltr'><strong>frustra</strong></span> <span class='ocrx_word' id='word_1_163' title='bbox 1634 2875 1851 2938; x_wconf 81' lang='lat' dir='ltr'><strong>sinant</strong></span> <span class='ocrx_word' id='word_1_164' title='bbox 1894 2894 1999 2937; x_wconf 90' lang='lat' dir='ltr'><strong>me</strong></span> <span class='ocrx_word' id='word_1_165' title='bbox 2030 2874 2309 2938; x_wconf 85' lang='lat' dir='ltr'><strong>clamare</strong></span> 
     </span>
     <span class='ocr_line' id='line_1_27' title="bbox 433 2963 2309 3046; baseline 0 -20"><span class='ocrx_word' id='word_1_166' title='bbox 433 2974 493 3026; x_wconf 68' lang='lat' dir='ltr'><strong>et</strong></span> <span class='ocrx_word' id='word_1_167' title='bbox 553 2970 839 3046; x_wconf 77' lang='lat' dir='ltr'><strong>pugnent</strong></span> <span class='ocrx_word' id='word_1_168' title='bbox 906 2970 1128 3028; x_wconf 89' lang='lat' dir='ltr'><strong>contra</strong></span> <span class='ocrx_word' id='word_1_169' title='bbox 1188 2966 1523 3046; x_wconf 88' lang='lat' dir='ltr'><strong>pietatem,</strong></span> <span class='ocrx_word' id='word_1_170' title='bbox 1596 2964 1829 3027; x_wconf 87' lang='lat' dir='ltr'><strong>cadent</strong></span> <span class='ocrx_word' id='word_1_171' title='bbox 1894 2983 2027 3027; x_wconf 91' lang='lat' dir='ltr'><strong>non</strong></span> <span class='ocrx_word' id='word_1_172' title='bbox 2096 2963 2309 3028; x_wconf 78' lang='lat' dir='ltr'><strong>solum</strong></span> 
     </span>
     <span class='ocr_line' id='line_1_28' title="bbox 433 3052 1620 3134; baseline 0.003 -22"><span class='ocrx_word' id='word_1_173' title='bbox 433 3054 727 3134; x_wconf 60' lang='lat' dir='ltr'><strong>papulae,</strong></span> <span class='ocrx_word' id='word_1_174' title='bbox 777 3052 890 3116; x_wconf 80' lang='lat' dir='ltr'><strong>sed</strong></span> <span class='ocrx_word' id='word_1_175' title='bbox 936 3059 1001 3116; x_wconf 90' lang='lat' dir='ltr'><strong>et</strong></span> <span class='ocrx_word' id='word_1_176' title='bbox 1045 3053 1230 3117; x_wconf 89' lang='lat' dir='ltr'><strong>electi</strong></span> <span class='ocrx_word' id='word_1_177' title='bbox 1274 3073 1454 3134; x_wconf 79' lang='lat' dir='ltr'><strong>reges</strong></span> <span class='ocrx_word' id='word_1_178' title='bbox 1500 3059 1620 3116; x_wconf 86' lang='lat' dir='ltr'><strong>etc.</strong></span> 
     </span>
    </p>
   </div>
   <div class='ocr_carea' id='block_1_9' title="bbox 1201 3212 1537 3275">
    <p class='ocr_par' dir='ltr' id='par_1_9' title="bbox 1201 3212 1537 3275">
     <span class='ocr_line' id='line_1_29' title="bbox 1201 3212 1537 3275; baseline 0 0"><span class='ocrx_word' id='word_1_179' title='bbox 1201 3214 1260 3275; x_wconf 91' lang='lat' dir='ltr'><strong>A</strong></span> <span class='ocrx_word' id='word_1_180' title='bbox 1306 3212 1537 3275; x_wconf 86' lang='lat' dir='ltr'><strong>furore.</strong></span> 
     </span>
    </p>
   </div>
   <div class='ocr_carea' id='block_1_10' title="bbox 433 3316 2312 3667">
    <p class='ocr_par' dir='ltr' id='par_1_10' title="bbox 433 3316 2312 3667">
     <span class='ocr_line' id='line_1_30' title="bbox 613 3316 2308 3396; baseline 0.004 -19"><span class='ocrx_word' id='word_1_181' title='bbox 613 3318 692 3378; x_wconf 72' lang='lat' dir='ltr'><strong>ab</strong></span> <span class='ocrx_word' id='word_1_182' title='bbox 722 3317 818 3378; x_wconf 86' lang='lat' dir='ltr'><strong>ira</strong></span> <span class='ocrx_word' id='word_1_183' title='bbox 860 3316 1117 3396; x_wconf 88' lang='lat' dir='ltr'><strong>linguae</strong></span> <span class='ocrx_word' id='word_1_184' title='bbox 1164 3337 1318 3380; x_wconf 80' lang='lat' dir='ltr'><strong>suae</strong></span> <span class='ocrx_word' id='word_1_185' title='bbox 1362 3319 1464 3381; x_wconf 88' lang='lat' dir='ltr'><strong>vel</strong></span> <span class='ocrx_word' id='word_1_186' title='bbox 1494 3320 1578 3381; x_wconf 90' lang='lat' dir='ltr'><strong>ad</strong></span> <span class='ocrx_word' id='word_1_187' title='bbox 1621 3319 1822 3382; x_wconf 89' lang='lat' dir='ltr'><strong>deum·</strong></span> <span class='ocrx_word' id='word_1_188' title='bbox 1848 3319 2029 3395; x_wconf 84' lang='lat' dir='ltr'><strong>refer,</strong></span> <span class='ocrx_word' id='word_1_189' title='bbox 2078 3317 2147 3381; x_wconf 87' lang='lat' dir='ltr'><strong>id</strong></span> <span class='ocrx_word' id='word_1_190' title='bbox 2178 3326 2308 3383; x_wconf 78' lang='grc' dir='ltr'>θεῖε</span> 
     </span>
     <span class='ocr_line' id='line_1_31' title="bbox 433 3405 2308 3488; baseline 0.002 -22"><span class='ocrx_word' id='word_1_191' title='bbox 433 3410 513 3466; x_wconf 72' lang='lat' dir='ltr'><strong>ab</strong></span> <span class='ocrx_word' id='word_1_192' title='bbox 549 3410 668 3470; x_wconf 58' lang='lat' dir='ltr'><strong>iate</strong></span> <span class='ocrx_word' id='word_1_193' title='bbox 699 3406 870 3483; x_wconf 83' lang='lat' dir='ltr'><strong>malo</strong></span> <span class='ocrx_word' id='word_1_194' title='bbox 901 3405 1076 3485; x_wconf 90' lang='lat' dir='ltr'><strong>quod</strong></span> <span class='ocrx_word' id='word_1_195' title='bbox 1105 3406 1304 3470; x_wconf 83' lang='lat' dir='ltr'><strong>infert</strong></span> <span class='ocrx_word' id='word_1_196' title='bbox 1334 3407 1425 3470; x_wconf 78' lang='lat' dir='ltr'><strong>eis</strong></span> <span class='ocrx_word' id='word_1_197' title='bbox 1454 3407 1679 3488; x_wconf 86' lang='lat' dir='ltr'><strong>lingua</strong></span> <span class='ocrx_word' id='word_1_198' title='bbox 1723 3427 1840 3470; x_wconf 79' lang='lat' dir='ltr'><strong>sua</strong></span> <span class='ocrx_word' id='word_1_199' title='bbox 1884 3414 2024 3483; x_wconf 71' lang='lat' dir='ltr'><strong>etc,</strong></span> <span class='ocrx_word' id='word_1_200' title='bbox 2072 3406 2142 3469; x_wconf 90' lang='lat' dir='ltr'><strong>id</strong></span> <span class='ocrx_word' id='word_1_201' title='bbox 2168 3413 2308 3470; x_wconf 81' lang='lat' dir='ltr'><strong>est:</strong></span> 
     </span>
     <span class='ocr_line' id='line_1_32' title="bbox 433 3494 2312 3576; baseline 0.002 -22"><span class='ocrx_word' id='word_1_202' title='bbox 433 3494 657 3574; x_wconf 71' lang='lat' dir='ltr'><strong>lingua</strong></span> <span class='ocrx_word' id='word_1_203' title='bbox 698 3514 920 3557; x_wconf 85' lang='lat' dir='ltr'><strong>eorum</strong></span> <span class='ocrx_word' id='word_1_204' title='bbox 964 3494 1168 3576; x_wconf 91' lang='lat' dir='ltr'><strong>impia</strong></span> <span class='ocrx_word' id='word_1_205' title='bbox 1213 3501 1312 3558; x_wconf 88' lang='grc' dir='ltr'><strong>θεῖ</strong></span> <span class='ocrx_word' id='word_1_206' title='bbox 1354 3495 1451 3559; x_wconf 82' lang='lat' dir='ltr'><strong>ira</strong></span> <span class='ocrx_word' id='word_1_207' title='bbox 1496 3495 1619 3573; x_wconf 89' lang='lat' dir='ltr'><strong>dei,</strong></span> <span class='ocrx_word' id='word_1_208' title='bbox 1668 3495 1738 3558; x_wconf 90' lang='lat' dir='ltr'><strong>id</strong></span> <span class='ocrx_word' id='word_1_209' title='bbox 1784 3503 1908 3560; x_wconf 77' lang='grc' dir='ltr'>θεῖε</span> <span class='ocrx_word' id='word_1_210' title='bbox 1971 3495 2074 3560; x_wconf 88' lang='lat' dir='ltr'><strong>vel</strong></span> <span class='ocrx_word' id='word_1_211' title='bbox 2131 3496 2312 3576; x_wconf 88' lang='lat' dir='ltr'><strong>quod</strong></span> 
     </span>
     <span class='ocr_line' id='line_1_33' title="bbox 433 3582 2184 3667; baseline 0.003 -25"><span class='ocrx_word' id='word_1_212' title='bbox 433 3582 529 3642; x_wconf 71' lang='lat' dir='ltr'><strong>iiii</strong></span> <span class='ocrx_word' id='word_1_213' title='bbox 577 3582 940 3664; x_wconf 75' lang='lat' dir='ltr'><strong>principum</strong></span> <span class='ocrx_word' id='word_1_214' title='bbox 986 3584 1073 3648; x_wconf 81' lang='lat' dir='ltr'><strong>sit</strong></span> <span class='ocrx_word' id='word_1_215' title='bbox 1118 3583 1421 3649; x_wconf 77' lang='lat' dir='ltr'><strong>adversus</strong></span> <span class='ocrx_word' id='word_1_216' title='bbox 1468 3587 1782 3667; x_wconf 89' lang='lat' dir='ltr'><strong>populum</strong></span> <span class='ocrx_word' id='word_1_217' title='bbox 1829 3603 2021 3648; x_wconf 76' lang='lat' dir='ltr'><strong>suum</strong></span> <span class='ocrx_word' id='word_1_218' title='bbox 2066 3585 2184 3648; x_wconf 88' lang='lat' dir='ltr'><strong>etc.</strong></span> 
     </span>
    </p>
   </div>
   <div class='ocr_carea' id='block_1_11' title="bbox 438 3705 862 3714">
    <p class='ocr_par' dir='ltr' id='par_1_11' title="bbox 438 3705 862 3714">
     <span class='ocr_line' id='line_1_34' title="bbox 438 3705 862 3714; baseline 0 0"><span class='ocrx_word' id='word_1_219' title='bbox 438 3705 862 3714; x_wconf 95' lang='lat' dir='ltr'><strong> </strong></span> 
     </span>
    </p>
   </div>
   <div class='ocr_carea' id='block_1_12' title="bbox 617 3714 1525 3826">
    <p class='ocr_par' dir='ltr' id='par_1_12' title="bbox 617 3714 1525 3826">
     <span class='ocr_line' id='line_1_35' title="bbox 617 3714 1525 3826; baseline 0.004 -20"><span class='ocrx_word' id='word_1_220' title='bbox 617 3754 668 3826; x_wconf 84' lang='lat'><strong>1]</strong></span> <span class='ocrx_word' id='word_1_221' title='bbox 707 3755 920 3824; x_wconf 79' lang='lat' dir='ltr'><strong>Incipit</strong></span> <span class='ocrx_word' id='word_1_222' title='bbox 954 3757 1052 3812; x_wconf 65' lang='grc' dir='ltr'><strong>τοι.</strong></span> <span class='ocrx_word' id='word_1_223' title='bbox 1089 3757 1210 3812; x_wconf 83' lang='lat'>120.</span> <span class='ocrx_word' id='word_1_224' title='bbox 1230 3758 1297 3811; x_wconf 85' lang='lat' dir='ltr'><strong>A.</strong></span> <span class='ocrx_word' id='word_1_225' title='bbox 1337 3714 1525 3812; x_wconf 70' lang='lat' dir='ltr'><strong>Meci.</strong></span> 
     </span>
    </p>
   </div>
  </div>
 </body>
</html>
