2575 4225
442 235 566 295 332
1115 230 1325 313 Caput
1366 247 1616 293 nonum

446 411 462 443 1
482 407 622 519 3131]
654 428 764 474 cur
792 408 1079 474 minatur
1108 407 1268 471 deus
1299 407 1496 471 etiam
1524 403 1854 469 innocenti
1882 404 2082 469 aetati
2116 406 2325 472 hos&

482 471 497 511 k
586 499 675 559 h'a
703 498 927 560 arma?
986 496 1321 578 Ephraim,
1369 495 1604 576 inquit,
1637 494 1866 559 educet
1893 514 2046 559 suos
2073 495 2321 561 liberos

434 591 510 647 ml
566 604 1016 667 percussorem.
1107 584 1283 649 Num
1326 588 1672 666 parentum
1702 589 1966 665 peccata
2011 582 2323 649 exolvent

436 679 618 735 libr-*ri
674 674 1096 738 innocentes?
1185 672 1594 755 Respondeo:
1671 672 1917 736 Verum
1969 678 2098 748 est,
2160 692 2315 737 cum

438 767 726 843 publia-:ae
785 782 1045 848 poenae·
1078 767 1477 842 grassantur,
1541 760 1738 825 etiam
1793 760 2172 825 innocentes
2215 760 2326 823 in·-

438 855 725 928 k‘tjili'llflt‚
790 852 883 914 sic
927 851 1159 914 Daniel
1210 856 1277 913 et
1328 850 1484 913 socii
1529 850 1701 926 eius,
1763 849 1888 913 etsi
1929 869 2006 912 ea
2051 856 2329 913 tantum

434 943 777 1019 i11·1};÷i÷::·rum
821 959 1034 1021 poena
1062 944 1247 1016 esset,
1295 944 1517 1002 tamen
1546 938 2031 1002 abducebantur
2070 938 2311 1020 captivi

438 1035 494 1091 in
554 1028 943 1110 Babylonem
964 1076 979 1105 ,
1038 1034 1105 1092 et
1147 1047 1299 1091 cum
1358 1032 1730 1107 grassantur
1783 1046 1898 1090 seu
1941 1026 2142 1103 bella,
2193 1046 2312 1089 seu

438 1128 646 1195 pestis,
710 1122 1029 1197 quantum
1075 1117 1243 1198 perit
1286 1135 1638 1196 puerorum
1658 1165 1674 1193 ,
1731 1115 1848 1195 qui
1892 1114 2106 1179 adhuc
2153 1121 2316 1178 sunt

434 1211 829 1282 innoeentes,
876 1207 1003 1269 hoc
1048 1211 1172 1281 est,
1230 1204 1347 1284 qui
1389 1204 1636 1270 habent
1677 1204 2123 1267 remissionem
2168 1224 2314 1285 pec·

430 1311 716 1359 ran-*rum
759 1295 831 1357 in
874 1294 1200 1375 baptismo
1244 1292 1664 1373 promissam,
1720 1312 1838 1356 nec
1884 1291 2045 1355 dum
2089 1313 2131 1355 a
2175 1312 2314 1373 gra·

434 1387 518 1443 tia
566 1379 941 1447 assiderunt
983 1402 1101 1464 per
1142 1386 1405 1463 peccata
1418 1381 1452 1443 P

609 1474 712 1535 Fit
757 1478 975 1535 autem
1001 1471 1128 1534 hoc
1171 1490 1306 1533 non
1335 1474 1594 1533 tantum
1622 1475 1883 1551 propter
1911 1469 2313 1550 exemplum,

434 1575 496 1623 m
570 1560 807 1639 posteri
874 1558 1192 1622 admoniti
1259 1558 1588 1622 atrocitate
1632 1577 1988 1639 poenarum
2055 1557 2320 1624 discant

434 1651 622 1711 damu
670 1648 922 1725 timere,
970 1653 1038 1717 et
1078 1647 1447 1711 idolatriam
1490 1647 1730 1727 fugere.
1823 1646 1950 1709 Sed
1994 1647 2194 1710 etiam
2237 1647 2318 1710 in

434 1758 707 1819 menam
776 1743 1145 1818 parsum,
1216 1736 1455 1816 quibus
1510 1736 1860 1801 liberorum
1909 1754 2085 1798 mors
2104 1784 2118 1811 ‚
2192 1755 2332 1799 sua.

434 1843 630 1887 tum-te
676 1827 961 1890 acerbior
975 1876 989 1902 ,
1053 1824 1304 1889 accidit.
1398 1825 1540 1888 Etsi
1583 1829 1802 1887 autem
1855 1823 2093 1887 durum
2137 1824 2315 1890 vide·

434 1935 530 1975 tur
578 1914 787 1996 abripi
816 1913 1210 1989 innocentes,
1258 1920 1479 1977 tamen
1525 1913 1618 1976 eis
1650 1912 1809 1975 mali
1853 1912 2021 1975 nihil
2052 1912 2314 1991 accidit,

430 2023 658 2083 ruff-piis
714 2002 954 2083 alioqui
1009 2003 1205 2067 morti
1274 2008 1371 2066 est
1427 2002 1817 2078 obnoxium,
1890 2007 1956 2065 et
2019 2020 2168 2065 eam
2223 2002 2318 2066 ob

430 2111 688 2152 fruman]
731 2091 897 2155 mori
940 2111 1142 2172 quam
1183 2092 1398 2158 vivere
1437 2096 1736 2174 praestat,
1784 2090 1961 2171 quod
2004 2090 2316 2154 innocen·

434 2184 586 2240 tiam
622 2199 822 2256 suam,
870 2180 1001 2243 nisi
1044 2187 1249 2244 morte
1278 2180 1820 2262 praevenirentur,
1867 2199 2002 2242 non
2039 2187 2321 2260 possent

434 2272 622 2344 tur-ri,
694 2267 1135 2349 abriperentur
1191 2270 1367 2330 enim
1420 2268 1716 2350 exemplo
1769 2273 2114 2350 parentum
2170 2275 2317 2333 tan·

430 2380 626 2436 quam
674 2356 951 2422 violento
981 2357 1252 2420 flumine
1296 2357 1368 2420 in
1407 2357 1808 2439 impietatem
1851 2356 1980 2438 ipsi
2025 2376 2316 2438 quoque.

438 2452 654 2524 ltaque
699 2446 915 2528 pueris
960 2446 1118 2508 mali
1159 2446 1330 2509 nihil
1375 2446 1624 2522 accidit,
1681 2451 1746 2509 et
1789 2444 2050 2527 prodest
2097 2465 2318 2509 exem·

430 2540 606 2612 plum
658 2535 797 2599 aliis
815 2585 829 2612 ‚
892 2541 970 2599 ut
1020 2535 1338 2598 admoniti
1393 2534 1723 2598 atrocitate
1767 2553 2047 2615 poenae,
2109 2534 2313 2598 deum

434 2628 654 2684 timere
698 2629 764 2684 et
805 2622 1169 2685 idolatriam
1215 2624 1436 2702 fugere
1479 2623 1752 2686 discant.

606 2712 700 2770 De
730 2710 1134 2771 ethnicorum
1178 2710 1394 2790 pueris
1441 2711 1617 2778 aliud
1662 2711 1977 2775 iudicium
2023 2717 2140 2789 est,
2190 2714 2309 2793 qui

430 2808 578 2860 sunt
638 2803 817 2860 extra
868 2798 1199 2860 ecclesiam
1220 2847 1234 2874 ‚
1306 2818 1683 2880 quanquam
1736 2800 2006 2864 fortasse
2062 2800 2146 2863 de
2199 2802 2313 2864 his

426 2908 683 2968 qunque
726 2887 953 2973 mitius
998 2885 1245 2968 aliquid
1300 2894 1617 2952 statuetur
1660 2907 1860 2969 quam
1912 2889 1994 2951 de
2041 2889 2309 2954 adultis,

426 2980 546 3036 Sed
605 2980 761 3040 haec
818 2977 1037 3040 futura
1100 2977 1234 3040 vita
1286 2977 1547 3059 aperiet.
1641 2977 2014 3043 Cavendum
2083 2985 2307 3042 autem

422 3068 702 3128 studiose
748 3071 874 3142 est,
936 3085 1020 3128 ne
1080 3063 1240 3146 quid
1297 3066 1826 3148 pronunciemus,
1887 3066 2062 3147 quod
2106 3067 2313 3132 verbo

426 3176 550 3216 nnn
598 3159 696 3216 est
723 3155 1092 3222 revelatum.
1186 3154 1366 3218 Sicut
1411 3161 1582 3218 certa
1625 3155 1806 3220 verbi
1833 3155 2137 3221 revelatio
2182 3161 2305 3231 est,

426 3244 502 3304 ale
550 3243 887 3324 baptisatis
904 3291 918 3318 ,
992 3248 1067 3305 ut
1121 3249 1270 3306 ante
1331 3244 1568 3307 Christi
1613 3243 1984 3321 adventum,
2047 3243 2129 3307 de
2188 3244 2307 3307 cir·

426 3332 739 3408 uumsisis,
788 3330 963 3412 quod
1009 3331 1142 3412 sint
1184 3332 1426 3414 recepti
1472 3353 1512 3395 a
1556 3331 1676 3395 deo
1723 3333 1794 3397 in
1839 3333 2134 3413 gratiam.

610 3479 650 3520 a
728 3456 846 3520 eis
915 3456 1245 3519 domine.
1353 3457 1559 3530 Quid
1627 3456 1906 3519 dabis?
2003 3457 2113 3518 Da
2181 3455 2286 3520 eit

650 3546 1005 3609 sterilem
1050 3551 1402 3623 uterum,
1452 3551 1527 3608 et
1571 3545 1797 3608 arida
1841 3544 2105 3607 ubera.

610 3704 658 3768 l)
696 3699 811 3754 Cur
846 3701 1049 3772 poenis
1083 3701 1449 3758 involvantur
1484 3702 1821 3757 innocentes
1854 3700 2017 3770 pueri
2033 3702 2059 3752 ἲ
