2575 4225
1 2 211 110 &faa-‘surr

1 97 31 150 μζ(
44 94 48 98 ”
95 89 98 92 ’
161 94 165 102 ’

105 232 109 236 A
171 249 235 312 102
493 246 599 327 Caput
620 245 800 312 secundum

168 434 240 490 tum
262 425 367 495 vocari
388 423 620 501 Idololatriam,
652 429 685 488 et
712 431 823 489 contra
849 426 993 507 primum
1019 448 1109 508 prae-

168 522 315 597 ceptum,
345 520 378 577 et
406 513 616 590 diabolicum,
647 520 816 595 propteroa
844 515 933 595 quod
961 515 1108 580 diversus

1 657 6 689 ἶ
169 604 210 666 ab
233 603 288 666 illo
310 603 366 680 sit,
391 623 473 683 quae
497 603 575 667 deus
598 603 776 685 praecepit,
800 623 838 666 ac
861 605 979 668 servari
1001 605 1106 668 iussit.

1 686 43 787 ξ’,
168 691 288 756 Similis
312 692 399 774 apud
422 713 480 755 nos
503 693 539 756 in
562 691 676 757 statuis
705 692 762 772 qui
785 691 924 756 dicimus
946 694 1008 756 hac
1030 693 1107 757 ima·

1 775 21 823 25·
60 783 63 788 ’
168 783 242 862 gine
265 782 327 845 coli
349 801 460 845 verum
484 781 581 845 deum
604 787 702 860 atque
721 781 848 844 nulium
863 782 973 845 alium.
1018 784 1110 846 Nihil

1 881 12 903 ·“
168 872 278 947 refert,
303 871 408 934 cultus
431 876 481 933 est
501 870 594 947 Baal,
619 871 699 933 deus
723 868 769 934 ita
792 891 858 933 non
880 871 959 934 vult.
1006 872 1107 936 Idolo

167 961 262 1023 latria
283 959 371 1022 enim
393 960 520 1022 interna
541 959 648 1041 prima
670 963 733 1034 est,
765 979 846 1038 quae
876 959 974 1040 fingit·
992 961 1108 1024 salsam

168 1049 395 1128 cogitationem
418 1049 458 1111 de
482 1048 551 1126 deo,
576 1049 668 1111 aliter
687 1067 763 1109 eum
777 1048 982 1129 imaginatur,
1007 1050 1108 1113 alium

169 1138 302 1200 cultum·
316 1137 491 1217 excogitat,
523 1159 623 1218 quam
652 1135 721 1216 ipse
753 1137 838 1200 velit.
885 1138 1022 1201 Proinde
1045 1139 1107 1201 hoc

168 1234 261 1306 urget
279 1227 429 1288 universa
443 1226 609 1307 scriptura,
633 1231 672 1288 ut
686 1245 779 1290 verus
794 1225 874 1289 deus
889 1247 962 1290 vere
978 1231 1107 1307 cognos-

169 1320 273 1389 catur,
306 1320 402 1394 atque
430 1314 509 1376 adeo
539 1335 634 1378 omne
663 1315 828 1394 negotium
858 1321 907 1378 est
936 1316 972 1377 in
1002 1316 1107 1396 primo

168 1407 347 1485 praecepto.
399 1402 505 1464 Radix
534 1401 735 1467 idololatriae
765 1409 814 1466 est
836 1404 986 1483 cogitatio
1015 1405 1106 1480 falsa,

169 1511 234 1572 qua
257 1491 336 1554 false
359 1491 517 1572 cogitatur
544 1492 684 1568 dedeo,
715 1492 990 1571 quemadmodum
1019 1493 1108 1574 apud

169 1600 227 1643 nos
258 1581 324 1642 iam
355 1586 418 1656 est,
454 1581 512 1643 ubi
542 1587 590 1644 tot
617 1583 768 1646 inventae
797 1580 953 1658 rationes,
989 1581 1108 1662 quibus

169 1668 248 1732 deus
271 1670 393 1732 colitur.
904 1688 910 1700 ·

306 1831 349 1893 Et
371 1831 507 1895 visitabo
530 1850 626 1913 super
649 1851 721 1893 eam
744 1829 812 1894 dies
835 1824 970 1893 Baalim.

168 1933 241 2046 Ova
266 1938 388 2000 idolum
410 1944 565 2001 vocarunt
586 1938 677 2014 Baal,
702 1957 768 2000 non
792 1937 869 1998 satis
892 1944 1025 2015 constat,
1051 1939 1109 2001 sed

220 2028 334 2109 opinor
357 2027 479 2090 dictum
501 2027 690 2102 masculum,
714 2025 766 2092 ben
781 2022 916 2104 merua,
940 2033 1109 2108 propterea

171 2119 258 2197 quod
281 2117 349 2179 eius
372 2137 453 2197 opus
475 2116 644 2179 videbatur
666 2116 855 2197 perfectum.
902 2115 955 2179 Sic
970 2116 1109 2181 dicimus

169 2205 385 2268 masculinum
409 2204 496 2284 quod
519 2211 568 2268 est
582 2206 752 2285 optimum.
799 2203 888 2268 Sicut
903 2200 1103 2269 masculum1

15 2367 17 2374 Ι
170 2294 285 2356 Oleum
318 2291 441 2372 Quadi.
500 2293 666 2374 Significat
700 2300 809 2357 autem
842 2295 921 2357 Baal
954 2295 1110 2359 maritum

2 2387 15 2415 '¹
105 2461 111 2469 ¹
170 2383 228 2463 qui
261 2382 321 2445 sub
356 2401 390 2444 se
425 2382 524 2445 habet
557 2402 700 2446 uxorem.
758 2384 865 2463 Atque
898 2386 960 2446 hoc
988 2404 1110 2447 nomen

170 2467 338 2553 propterea
359 2470 579 2548 indiderunt,
595 2471 682 2551 quod
705 2472 758 2535 iile
781 2474 887 2536 cultus
909 2472 1007 2535 huius
1028 2472 1110 2536 idoli

170 2561 300 2624 deberet
319 2580 387 2623 esse
403 2560 657 2641 perfectissimus
672 2569 705 2626 et
720 2560 986 2637 absolutissimus,
1011 2567 1109 2642 atque

169 2657 272 2718 multo
295 2654 446 2716 excellere
460 2650 563 2728 illum,
587 2672 685 2732 quem
700 2652 805 2715 Moses
826 2652 924 2715 dedit.
970 2653 1109 2717 Proinde

168 2744 257 2806 hunc
279 2734 433 2825 ἀρχίδιον
456 2740 622 2819 dixerunt,
654 2741 741 2821 quod
763 2741 851 2803 hunc
874 2741 1107 2823 perfectissimo

170 2832 259 2895 cultu
282 2831 429 2894 colerent.
512 2875 515 2880 ,

441 3001 444 3005 ⁴
557 2974 598 3035 In
620 2972 715 3035 amis.

194 3105 214 3145 u
226 3103 311 3147 avms
327 3081 486 3161 significat
506 3081 641 3144 verbum
661 3080 746 3158 fidei,
771 3079 857 3163 quod
880 3082 974 3146 nobis
997 3100 1108 3163 perpe·

195 3176 266 3233 *tuo
287 3170 324 3232 in
346 3189 421 3234 aurs
444 3189 513 3233 esse
536 3170 641 3233 debet.

566 3342 700 3435 Achor.²

169 3448 263 3570 Mun
289 3475 357 3560 non
379 3452 603 3538 estdubium,
636 3456 717 3536 quin
745 3457 827 3559 baec
848 3455 952 3560 §iiiii
982 3474 1107 3557 prover:

235 3546 313 3611 biah
335 3546 438 3627 figura
460 3538 548 3626 apud
570 3542 705 3607 Iudaeos
721 3543 808 3607 dicta
830 3550 873 3607 srt
893 3564 929 3606 m
943 3542 1025 3619 rilos,
1049 3562 1109 3623 qur

196 3619 203 3628 ,.

260 3739 288 3806 1)
307 3736 468 3794 Masculum
485 3737 588 3791 oleum.
624 3735 653 3802 2)
673 3734 775 3789 Achor.
855 3765 858 3771 .

1002 3877 1012 3909 Ι
