2575 4225
202 240 245 303 60
541 238 647 321 Caput
668 257 792 301 nonum

200 424 356 495 veterem,
388 438 420 497 q.
449 418 481 481 d.
512 422 557 483 att
585 416 634 499 left
665 430 720 482 nott
747 420 795 480 ott
819 412 908 497 ιτίώί,
941 419 1048 479 mutter
1075 412 1143 493 hut,

200 504 302 587 tuoto
323 505 387 588 tat,
409 506 457 572 tet
479 505 546 585 ted,
569 505 621 573 ten
642 504 722 588 tetta
744 509 844 588 garten
864 500 952 585 utut:
977 536 1022 549 -
1041 503 1147 583 primi-

202 595 325 659 fruotus
348 596 451 675 magis
467 596 566 659 amati
582 601 659 658 sunt
673 601 804 676 propter
818 593 991 657 raritatem.
1019 591 1142 654 Primo·

202 684 311 765 genita
339 691 506 750 vocantun
548 682 711 746 Primitiae
731 690 888 764 tanquam
915 680 1031 763 optimi
1059 680 1142 743 fruo-

202 780 255 836 tus
278 772 433 836 offerendi
456 780 533 837 sunt
555 773 696 836 domino.
742 772 840 835 Iacob
870 770 911 834 ad
940 769 1072 833 Ruben:
1104 776 1145 833 tu

202 861 326 944 primus
349 861 472 926 fructus
494 882 595 938 meus,
619 868 657 925 tu
679 861 834 924 fortitudo
855 879 931 923 mea
951 865 1012 921 etc.

556 1028 560 1035 '
624 1017 658 1084 1Ι
682 1023 720 1098 si,

204 1127 325 1191 scilicet
346 1135 463 1211 patres.
510 1128 582 1195 uos
605 1044 759 1194 matpmein
774 1129 827 1212 etit
842 1127 936 1194 coltile
951 1133 1010 1190 eto.
1057 1125 1147 1188 Vide

203 1216 372 1280 historiam
394 1219 430 1280 in
452 1217 596 1281 numeris
622 1218 674 1280 25.
700 1253 742 1262 —

555 1375 786 1439 Confusionem

206 1482 363 1563 scriptura
402 1488 494 1548 vocat
535 1482 672 1560 idolum,
716 1489 826 1563 gentes
869 1488 902 1545 et
933 1476 1149 1566 ido[d›]latrae

206 1571 339 1650 gloriam
362 1577 420 1635 ete.
467 1572 532 1637 Nos
563 1572 793 1635 confundimur
822 1574 894 1655 ipso
920 1570 1006 1634 idolo
1035 1590 1148 1633 coram

206 1658 266 1721 deo
290 1660 366 1740 quia
388 1680 448 1723 nos
470 1661 701 1725 confundimus
725 1681 800 1724 eum
823 1669 881 1724 etc.

320 1821 364 1883 Et
386 1820 649 1885 abalienaverunt
670 1841 704 1883 se
728 1821 769 1883 ad
793 1822 1025 1883 confusionem.

295 1927 340 1990 sic
361 1928 432 2008 lego
456 1934 514 1990 etc.
561 1926 672 1990 Gloria
694 1947 759 2006 qua
781 1947 840 1989 nos
863 1927 1047 2007 gloriamur,
1072 1945 1147 1988 oon·

206 2016 290 2079 fusio
314 2036 379 2097 qua
401 2036 460 2080 nos
483 2016 713 2080 confundimur·
740 2036 847 2078 coram
870 2015 947 2093 deo,
978 2016 1056 2095 quia
1086 2035 1149 2078 nos

207 2104 436 2169 confundimus
459 2105 566 2168 deum.

436 2264 592 2346 Ephraim
615 2267 710 2345 quasi
732 2267 801 2330 avis
824 2259 903 2329 etc.²

297 2369 343 2431 ibi
365 2369 479 2453 incipit
500 2370 590 2451 loqui
612 2369 654 2434 de
676 2373 772 2454 plaga
791 2371 969 2436 sterilitatis
984 2371 1068 2448 inter
1088 2371 1147 2434 ho·

207 2458 325 2534 mines,
353 2459 441 2538 quod
467 2481 533 2524 non
561 2460 607 2523 sic
629 2461 885 2542 multiplicentur
911 2467 949 2524 ut
976 2461 1147 2523 hactenus.
1225 2511 1228 2516 .

208 2547 307 2627 gloria
335 2547 491 2628 Ephraim
520 2569 539 2610 a
568 2557 678 2632 partu,
714 2550 755 2612 ab
789 2556 898 2626 utero,
934 2569 953 2612 a
987 2554 1148 2629 conceptu

209 2635 346 2700 avolavit
380 2656 478 2716 quam
507 2639 590 2715 avis,
627 2641 673 2702 sio
703 2646 863 2703 construo.
910 2639 1032 2701 Eorum
1053 2657 1149 2701 more

207 2717 433 2809 he[brceorum]
464 2734 616 2808 superest.
667 2729 740 2790 Non
772 2733 876 2792 totam
905 2727 1148 2808 generationem

208 2818 313 2892 negat,
338 2812 395 2876 sed
418 2814 651 2879 abundantiam
667 2817 780 2898 populi
796 2817 832 2879 in
847 2836 945 2897 regno
961 2836 1029 2879 suo.
1059 2815 1148 2877 Nam

207 2899 343 2989 dispersi
358 2902 393 2964 in
409 2905 593 2985 captivitate
614 2912 856 2986 generaverunt.
902 2905 986 2968 Nota
1007 2904 1147 2987 prophe·

207 2990 287 3052 tiam
309 2991 406 3054 Iacob
429 2992 470 3055 de
493 2993 659 3074 Ephraim.
698 3029 742 3039 -—
775 2995 947 3059 Generatio
977 2993 1076 3075 prolis
1098 3011 1148 3054 re-

207 3075 333 3158 digetur
361 3080 396 3142 in
427 3082 634 3146 solitudinem
659 3090 718 3147 eto.
768 3083 922 3148 foeliciter
950 3082 1047 3145 cessit
1067 3081 1150 3144 huic

207 3167 327 3248 populo
349 3168 384 3230 in
407 3179 572 3254 conceptu.
619 3173 660 3234 In
681 3180 773 3236 utero
795 3171 963 3255 portando,
986 3171 1023 3233 in
1037 3174 1148 3252 partu.

207 3255 480 3322 comminationes
503 3266 536 3323 et
557 3261 785 3342 promissiones
807 3259 1036 3340 intelligendae
1057 3265 1150 3337 sunt,
1221 3305 1229 3320 .

77 3363 106 3420 ¹,
205 3351 244 3408 ut
277 3345 362 3427 parti
396 3351 524 3411 tantum
555 3351 757 3430 contingant,
799 3351 845 3414 sio
883 3356 916 3413 et
949 3347 1136 3431 punitiones
1253 3403 1261 3411 .

50 3458 81 3496 n.
208 3432 444 3512 Synecdochioe
477 3433 752 3518 intelligendum.⁸
784 3474 827 3486 -
857 3438 966 3502 Etiam
993 3435 1144 3500 educatos

40 3560 64 3625 .‘
130 3537 133 3542 ’
208 3521 275 3584 iam
297 3523 379 3588 filios
409 3525 554 3589 occidam
584 3534 616 3590 at
646 3529 820 3606 enutritos,
852 3527 910 3592 sed
939 3533 1051 3590 tamen
1080 3545 1132 3589 nor

302 3714 329 3784 1)
348 3715 456 3786 Incipit
474 3719 521 3772 iol.
541 3719 601 3774 124.
612 3721 644 3775 B.
663 3720 758 3776 Mser.
795 3721 823 3790 2)
840 3738 867 3779 v.
887 3721 929 3775 11.
965 3719 995 3787 3)
1013 3735 1041 3775 v.
1060 3716 1104 3772 12.
