2575 4225
459 298 587 365 Hosess
610 300 795 385 prophetae.
1023 300 1088 369 129

145 473 279 555 11111111,1
305 477 441 543 vertitur
453 476 584 542 tristitia
598 478 729 561 piorum
750 480 786 543 in
802 476 985 561 gaudimn.¹
1026 478 1090 547 Sed

146 588 223 631 cum
244 566 365 650 impios
379 567 532 631 dominus
546 568 666 645 visitat,
691 569 748 649 qui
768 570 804 633 in
826 571 965 651 peccatis
981 590 1091 635 secure

146 663 301 739 pergunt,
331 656 378 719 sic
399 658 580 719 obruuntur
601 658 713 735 malis,
742 658 881 723 utfinis
910 660 1018 725 nullus
1049 662 1092 725 sit

147 745 398 811 calamitatum.¹
427 745 491 808 Gur
528 747 616 808 enim
651 753 796 830 tempus,
821 748 908 829 quod
938 749 1091 812 dominus

146 834 189 898 ad
203 832 438 917 poenitentiam
454 835 620 911 concessit,
639 836 902 917 praetermittunt
916 838 986 901 sine
1002 839 1093 901 omni

146 924 266 1000 fructu,
283 929 316 987 et
329 924 393 986 hoc
407 929 535 987 tantum
550 931 661 1005 agunt,
685 931 724 988 ut
740 926 803 988 sibi
818 928 984 990 cumulent
999 927 1091 990 iram

236 1012 369 1075 Retinet
394 1017 503 1075 autem
528 1013 688 1095 propheta
709 1014 763 1076 hic
785 1014 1033 1078 similitudinem
1051 1016 1092 1079 de

146 1102 304 1177 adultera,
320 1101 483 1181 siquidem
495 1109 677 1165 amatorum
687 1100 847 1165 'meminit
871 1099 967 1167 'Nihil
983 1111 1092 1190 autem

147 1211 230 1274 opus
246 1196 306 1266 est,
330 1189 465 1253 definire
480 1191 538 1271 qui
560 1190 627 1255 sint
640 1190 697 1254 isti
718 1196 887 1255 amatores.
933 1193 1093 1275 Propheta

147 1281 237 1343 enim
260 1278 451 1361 simpliciter
464 1279 527 1342 hoo
548 1280 619 1344 vult
639 1280 755 1359 dicere,
779 1281 935 1359 futurum,
959 1288 997 1345 ut
1019 1282 1093 1345 illae

145 1369 297 1432 infinitae
311 1368 517 1452 'calamitates
539 1369 600 1432 toti
623 1369 748 1435 mundo
768 1368 866 1433 huius
889 1370 1003 1453 populi
1025 1392 1092 1453 per·

145 1458 291 1521 tinacem
313 1457 515 1539 impietatem
532 1458 739 1540 patefaciant,
765 1465 797 1522 et
819 1478 860 1521 ex
881 1460 938 1522 illa
952 1456 1093 1523 mirabili

22 1611 26 1617 ,
145 1548 244 1610 ruina
276 1553 451 1627 agnoscant
479 1565 592 1611 omnes
623 1546 760 1626 cultum,
802 1566 899 1629 quem
930 1568 1094 1631 synagoga

146 1642 262 1700 contra
291 1636 449 1715 evangelii
476 1635 657 1699 doctrinam
690 1636 838 1714 retinuit,
873 1658 997 1700 meram
1025 1657 1093 1701 csse

147 1723 451 1788 abhominationem
474 1744 581 1788 coram
603 1725 674 1789 deo.

239 1813 444 1891 Vocabulum
480 1812 620 1890 ,Nebala‘
661 1820 837 1895 utrumque
871 1815 1095 1896 complectitur

146 1907 321 1985 peccatum
347 1908 381 1965 et
406 1901 530 1984 peccati
564 1922 720 1985 poenam,
758 1904 991 1967 confusionem.
1043 1904 1094 1965 ln·

148 1992 303 2054 differens
318 1991 417 2073 igitur
432 1997 490 2068 est,
513 1992 580 2055 sive
596 1992 771 2055 stulticiam
786 1992 844 2055 seu
858 1991 1093 2073 turpitudinem

148 2087 184 2145 ct
210 2081 437 2145 confusionem
459 2086 579 2157 vertas,
610 2080 669 2144 ubi
691 2081 843 2145 idolatras
866 2101 946 2147 even
946 2086 999 2145 tus
1023 2100 1094 2144 oon·

148 2170 274 2247 fundit,
309 2176 348 2234 ut
381 2171 523 2234 sentiant
553 2170 687 2233 tandem
725 2191 759 2234 se
796 2171 889 2236 vanis
926 2171 1095 2276 praesidiis

150 2279 221 2323 esse
244 2259 353 2336 nixos,
381 2259 543 2338 siquidem
572 2258 809 2324 insanabilibus
831 2257 933 2323 malis
963 2261 1093 2323 circum

148 2349 335 2414 veniuntur

244 2509 263 2550 1
294 2509 448 2554 cessare
471 2489 615 2553 faciam
647 2511 761 2554 omne
784 2489 971 2572 gaudium
994 2491 1093 2566 eius,

261 2577 548 2644 solennitatem
575 2580 677 2658 eius,
713 2581 968 2643 neomeniam
996 2580 1094 2656 eiua,

198 2668 534 2746 sabbatumeius,
559 2675 596 2732 et
611 2670 745 2734 omnia
760 2676 863 2734 stata
878 2670 1095 2749 ¹festaeius.

194 2818 350 2891 ostquam
378 2811 476 2874 omni·
499 2824 613 2890 genere
639 2809 861 2875 calamitatum
888 2811 1097 2882 circumventi

214 2906 308 2977 sunt,
332 2901 431 2963 etiam
453 2901 515 2962 hoc
537 2900 662 2962 malum
685 2899 822 2977 accedit,
850 2906 888 2963 ut
910 2901 1097 2980 religionem

20 2978 26 2984 ’
152 2994 187 3052 11
216 2991 323 3052 cultus
353 2988 505 3052 dominus
532 2988 666 3052 damnet
699 2990 732 3052 et
756 2987 896 3051 abiiciat.
949 2988 983 3050 Si
1010 2988 1098 3050 enim

154 3078 300 3155 sabbata,
325 3078 353 3140 si
368 3078 567 3155 neomeniae,
592 3078 620 3140 si
639 3083 764 3140 caetera
787 3083 870 3140 stata
892 3077 975 3140 festa
998 3095 1096 3140 cessa·

152 3169 246 3244 bunt,
272 3166 353 3246 quid
374 3159 573 3230 retinebunt
581 3186 623 3242 ex
640 3165 798 3245 legalibus
821 3166 985 3229 cultibus?
1014 3159 1093 3228 eta⁸

154 3257 240 3336 Ergo
269 3256 429 3337 propheta
454 3256 509 3318 hic
535 3254 680 3317 minatur
702 3253 909 3318 abolitionem
938 3253 1018 3336 legis
1041 3273 1098 3317 seu

153 3345 309 3425 legalium
331 3345 487 3408 cultuum.
533 3345 606 3406 Non
636 3349 745 3406 autem
774 3342 963 3425 simpliciter
989 3345 1024 3406 in
1054 3343 1097 3406 fa·

167 3440 245 3496 atum
261 3433 383 3496 intueri
397 3434 566 3510 debemus,
591 3452 668 3494 nam
688 3433 786 3495 ctiam
802 3433 971 3513 gentilium
993 3431 1099 3494 cultus

159 3521 398 3586 'mnterciderunt
445 3522 508 3585 Sed
536 3525 711 3641 postquam
737 3521 855 3602 legales
883 3521 1006 3642 cultus,
1029 3521 1099 3582 hoc

246 3715 275 3783 1)
310 3677 411 3769 11111111.
443 3713 485 3769 16.
540 3714 568 3784 2)
595 3713 753 3785 Impiorum
787 3729 897 3798 poenae
934 3709 997 3769 sine
1033 3708 1102 3766 fine.

205 3785 362 3852 abrogatio
381 3785 497 3852 legis
