2575 4225
198 259 264 326 508
448 261 553 344 Caput
574 266 727 342 quartum
749 259 912 324 decimum

197 439 375 503 honestatis
398 458 436 501 ac
465 438 654 520 disciplinae
681 438 870 501 turbatores.
916 436 999 500 Sunt
1028 443 1137 502 autem

197 528 278 591 haec
299 527 499 592 atrocissima
519 528 674 603 convicia,
702 546 785 608 quae
808 527 878 589 sine
900 525 1000 588 dubio
1022 527 1136 590 multo·

197 636 271 680 rum
298 615 424 678 animos
446 616 493 678 ita
522 616 658 692 feriunt,
689 622 728 679 ut
749 616 848 679 etiarn
869 614 912 678 ad
940 635 1061 678 nornen
1084 635 1137 678 no·

198 711 301 769 strum
323 706 552 768 inhorrescant.
599 704 662 767 sed
686 705 728 781 si,
758 710 797 768 ut
822 703 906 780 dixi,
937 703 1057 767 Christi
1079 703 1140 766 filii

197 793 260 869 dei,
284 793 455 872 baptistae,
478 794 706 875 apostolorum,
733 792 964 875 prophetarum
986 793 1139 856 historias

196 881 359 964 inspicias,
383 881 467 945 nihil
489 883 631 963 patimur
653 883 738 947 novi.

287 971 331 1034 Et
358 972 517 1052 propheta
543 971 667 1034 hocin
695 972 764 1034 loco
792 990 859 1033 non
887 976 1008 1034 temere
1037 969 1141 1032 utitur

198 1058 411 1123 similitudine
439 1060 522 1136 vini,
557 1079 632 1123 cum
665 1059 706 1122 de
734 1060 889 1122 memoria
921 1077 978 1122 seu
1007 1060 1140 1121 nomine

198 1149 348 1211 ecclcsiae
371 1154 404 1211 et
425 1154 609 1214 sanctourm
631 1147 785 1228 loquitur.
828 1147 918 1209 Haec
944 1148 1033 1210 enim
1056 1166 1140 1210 com·

198 1236 363 1300 mendatio
385 1257 451 1300 non
474 1243 524 1300 est
545 1237 645 1300 musti
674 1243 730 1299 aut
750 1235 846 1298 horni
868 1236 950 1312 vini,
980 1235 1069 1315 quod
1099 1236 1144 1298 sit

199 1325 345 1401 odorum,
377 1325 433 1389 ssd
456 1325 584 1389 vetusti.
629 1325 703 1389 Non
726 1330 835 1387 autem
858 1324 967 1388 ferunt
989 1329 1140 1400 aetatem,

200 1414 264 1476 nisi
290 1414 544 1494 generosissima.
591 1414 642 1476 Ad
672 1414 761 1476 hunc
788 1412 923 1476 modum
937 1413 1086 1476 'ecclesia
1109 1418 1143 1476 ct

200 1502 327 1581 singuia
354 1503 423 1564 eius
451 1502 598 1564 membra
627 1503 663 1564 in
685 1503 808 1565 mundo
836 1500 878 1563 ad
904 1507 1034 1583 tempus
1065 1505 1143 1564 sunt

199 1590 270 1653 sine
293 1589 405 1666 odore,
436 1590 503 1652 imo
532 1591 656 1654 foetent
682 1610 790 1654 coram
812 1589 948 1667 mundo,
979 1588 1144 1653 atrocibus

201 1679 289 1743 enim
311 1678 459 1742 convitiis
486 1677 716 1742 deformantur.
762 1679 825 1742 Sed
852 1677 931 1760 quid
954 1678 1035 1742 dicit
1056 1679 1142 1741 Psal-

201 1763 316 1830 mus?¹
366 1768 407 1830 In
443 1769 600 1831 memoria
632 1774 762 1831 aeterna
800 1767 860 1830 erit
896 1769 1011 1830 iustus.
1060 1765 1145 1830 Oum

201 1862 331 1921 econtra
352 1858 509 1919 memoria
522 1857 699 1938 impiorum
713 1875 780 1918 una
801 1875 876 1918 curn
898 1856 978 1937 ipsis
994 1856 1145 1918 intereat.

200 1945 283 2008 Psal.
308 1939 358 2009 9.²
412 1945 532 2008 Misera
564 1945 706 2008 conditio
739 1945 803 2007 fuit
831 1944 937 2020 Pauli,
972 1945 1074 2020 Petri,
1110 1950 1147 2007 et

201 2035 419 2116 apostolorum
442 2035 591 2111 afiorum,
614 2034 650 2096 'si
678 2032 859 2096 consideres
887 2031 1145 2096 adversariorum

202 2124 390 2204 potentiam,
407 2123 608 2203 dignitatem,
624 2143 712 2204 opes,
728 2123 785 2185 sed
801 2123 884 2187 sicut
898 2142 1051 2203 generosa
1066 2122 1147 2185 vina

203 2217 307 2274 aetate
335 2211 468 2274 odorem
496 2232 537 2273 ex
564 2232 599 2275 sc
625 2216 794 2293 generant,
824 2213 871 2274 ita
892 2213 1019 2293 piorum
1042 2212 1148 2290 gloria

202 2306 276 2382 post
316 2306 454 2363 mortem
492 2301 649 2383 augescit,
696 2298 874 2363 secundum
907 2294 1141 2364 sententiam2³

202 2389 349 2453 Preciosa
369 2409 456 2452 mors
479 2395 663 2454 sanctorum
685 2390 721 2451 in
743 2394 917 2471 conspectu
940 2389 1023 2465 eius,
1047 2389 1147 2470 impii
1275 2460 1276 2465 γ

202 2484 311 2541 autem
334 2478 418 2542 sicut
438 2499 545 2560 vappa
567 2478 762 2541 exolescunt.
825 2544 826 2547 ,

202 2652 312 2763 Hunc
333 2654 431 2732 igitur
446 2660 495 2716 est
508 2654 682 2732 magnifica
696 2655 880 2731 consolatio,
904 2660 937 2719 et
952 2655 1148 2718 suavissima
1273 2692 1276 2729 ι

275 2739 447 2819 descriptio
469 2742 634 2817 ecclesiae,
666 2762 732 2805 non
755 2744 859 2823 qualis
881 2743 917 2805 in
939 2743 1062 2806 mundo
1086 2749 1148 2807 aut
1274 2744 1276 2825 ἦ

202 2828 382 2894 secundum
396 2830 538 2911 speciem
561 2835 618 2906 est,
643 2830 700 2892 sed
715 2832 819 2911 qualis
842 2832 945 2895 estin
967 2832 1083 2913 spiritu
1106 2852 1147 2895 ac
1274 2826 1276 2861 ⁶

203 2938 310 2983 coram
337 2918 406 2981 deo.
459 2918 493 2983 si
522 2918 610 2982 enim
638 2920 779 3000 speciem
808 2921 968 3000 sequaris,
997 2920 1147 2984 invenies
1273 2964 1275 2981 t

202 3008 313 3070 omnia
327 3009 493 3070 contraria.
540 3009 600 3072 Est
617 3009 702 3072 sicut
724 3009 818 3071 arbor
839 3010 909 3072 sine
924 3026 1028 3085 succo,
1052 3008 1147 3072 arida

201 3096 341 3172 infirma,
365 3096 529 3172 deformis,
553 3097 652 3159 etiam
668 3097 825 3161 scandalis
848 3099 953 3179 plena,
978 3097 1051 3160 ideo
1073 3103 1146 3160 tan·
1274 3100 1275 3109 ³

203 3204 302 3265 quam
315 3184 380 3247 late
396 3185 519 3248 foetens
535 3185 670 3249 cadaver
681 3186 884 3249 abominatur
898 3206 971 3249 eam
985 3185 1144 3263 mundus,

203 3274 260 3353 qui
282 3293 360 3354 opes
383 3278 416 3335 et
437 3273 629 3353 dignitatern
643 3279 741 3351 tenet,
767 3280 864 3355 atque
886 3274 1148 3339 ideo‘iudicatur
1273 3280 1274 3287 ’

202 3361 314 3425 florere
336 3367 374 3425 ut
395 3381 477 3440 rosa,
501 3368 533 3426 et
555 3363 618 3427 alto
641 3364 742 3444 egisse
765 3363 899 3427 radices.

569 3467 573 3495 Ι

293 3534 954 3623 rmmwameommss

292 3729 720 3797 phmmffwm
