2575 4225
499 246 613 336 ¹Caput
633 246 813 318 secundum

189 425 412 507 complectitur
434 424 534 505 igitur.
560 444 681 495 nomeu
702 423 781 491 Bal
802 424 839 487 in
861 442 976 503 genem
999 442 1133 493 omnem

187 511 381 593 idolatriam,
406 532 489 600 quae
511 512 625 603 propia
648 512 815 599 eampis
837 516 873 578 et.
892 510 1006 583 foedus
1029 531 1133 595 amor,
1155 555 1157 558 .

187 602 361 673 amsans
382 622 404 664 a
426 608 573 681 creatoie¹
588 599 630 669 ad
652 607 822 671 creaturae.

229 750 232 757 .
277 690 312 761 Si
333 690 408 780 quic
421 697 532 762 tamen
545 690 837 761 hancacatentiam
850 690 1020 775 complecti
1030 688 1132 767 nolet,

188 800 271 871 quae
293 778 491 862 incommodi
513 777 597 847 nihil
618 778 732 857 habet,
763 785 796 847 et
822 798 898 844 cum.
920 778 1136 861 grammatica

3 889 7 896 ’
128 896 132 905 ’
188 868 356 947 convenit,
385 867 414 931 is
440 868 503 934 hoc
530 868 628 933 modo
651 867 796 955 pacietur
818 861 881 931 sibi
904 855 1068 943 satisfiat,
1093 874 1135 931 ut

187 958 276 1033 hunc
309 958 418 1025 locum
458 956 634 1037 intelliget,
674 956 760 1019 sicut
790 956 883 1022 illum
909 956 1026 1031 Matth.
1052 952 1126 1021 23.ι

188 1046 273 1117 (ium
293 1045 439 1112 Christus
465 1046 609 1113 minatur
624 1044 822 1121 pharisaeis,
858 1051 892 1111 et
912 1045 972 1111 toti
994 1054 1133 1130 'synago-

186 1146 255 1227 gae,
279 1155 317 1202 ac
339 1134 437 1200 dicit:
459 1141 630 1203 venturum
654 1153 750 1220 super
772 1153 826 1225 eos
848 1134 1040 1215 sauguinem
1062 1154 1131 1199 om·

185 1225 279 1292 nium
305 1224 483 1293 occisorum
512 1223 554 1286 ab
586 1222 693 1291 Habcl
722 1242 826 1302 usque
860 1222 903 1291 ad
929 1222 1128 1293 Zachariam.

185 1312 277 1377 Certe
290 1312 416 1389 Iudaei,
436 1312 495 1395 qui
516 1316 714 1388 tumerent,
737 1310 901 1377 Habelem·
919 1332 985 1375 non
1008 1311 1130 1375 occide-

184 1407 274 1478 rant,
305 1406 470 1464 ettamen
493 1401 659 1481 sanguinis
682 1400 751 1463 eius
773 1420 894 1481 poenas
916 1400 1026 1478 luunt,
1051 1400 1133 1479 quia

185 1510 222 1555 se.
247 1509 323 1558 cum
345 1489 447 1578 impio
470 1488 551 1564 Cain
580 1490 798 1569 coniungunt,
836 1495 868 1553 et
889 1494 1133 1571 persequuntur

184 1579 255 1660 pios
278 1578 433 1646 doctores.
622 1647 628 1665 ι,

195 1662 199 1672 ’
272 1666 326 1736 Ad
352 1667 441 1737 hunc
467 1664 602 1733 modum
628 1664 784 1731 idolatrae
812 1665 942 1742 Iudaei,
978 1666 1041 1729 hoc
1068 1672 1130 1743 est,

184 1753 591 1847 persecutores'evangelii,
615 1754 677 1819 etsi
693 1755 772 1841 Baal
794 1775 861 1820 non
884 1755 1057 1831 coluerant,
1083 1762 1130 1819 ta·-

184 1864 261 1918 men
276 1844 391 1912 eodem
407 1843 573 1912 idolatriae
588 1848 720 1925 peccato
742 1844 944 1919 tenebantur,
968 1850 1133 1926 ponentes

184 1934 337 1997 fiduciam
364 1934 399 1996 in
430 1931 535 1997 cultus
563 1938 596 1995 et
622 1932 778 1995 sacrificia
800 1952 873 2009 sua,
903 1938 936 1996 et
962 1932 1130 2029 Christum

185 2022 400 2095 abiicientes.'
429 2020 575 2096 Quodsi
596 2019 742 2084 adhunc
764 2020 900 2086 modum
921 2022 1002 2085 haec
1025 2026 1130 2085 trans·
1178 2036 1183 2043 ·

184 2113 268 2182 feras
292 2111 333 2178 ad
356 2131 567 2192 synagogam,
597 2109 718 2174 Christi
746 2118 779 2174 et
801 2112 1019 2192 apostolorum
1047 2117 1130 2176 tem-

183 2220 261 2292 pore
276 2200 478 2280 evangelium
493 2199 713 2276 damnantem,
730 2199 850 2280 grande
865 2200 926 2263 hoc
942 2199 1127 2265 convicium

184 2286 246 2365 est,
277 2289 431 2352 sacrificia
453 2295 485 2351 et
502 2283 587 2351 alios
610 2287 714 2352 cultus
736 2289 854 2369 legales
876 2289 1038 2372 appellare
1061 2291 1131 2354 cul-‘

183 2382 254 2449 mm
276 2370 389 2454 Baal,²
414 2377 478 2440 hoc
500 2382 563 2453 est,
588 2381 740 2453 statuere,
764 2377 852 2458 quod
874 2383 942 2448 tam
965 2376 1045 2440 deus
1068 2397 1129 2442 eos

182 2465 419 2544 abhominetur,
444 2472 544 2553 atque.
562 2464 642 2527 idoli
655 2465 736 2531 Baed
756 2467 880 2529 cultum
895 2465 1128 2537 abhominatus

182 2562 240 2626 est.
286 2555 330 2622 m
351 2561 461 2619 tamen
483 2573 592 2618 revera
614 2552 660 2619 sic
684 2559 742 2631 est,
765 2555 926 2636 siquidem
945 2554 1033 2636 quod
1056 2575 1124 2619 non

183 2662 224 2711 ex
249 2641 313 2704 fide
336 2650 400 2720 cst,
435 2650 484 2707 est
506 2649 689 2725 peccatum,
721 2648 753 2706 et
776 2643 833 2723 qui
855 2643 959 2708 filium
982 2642 1036 2708 dei
1057 2664 1129 2709 non

181 2730 290 2806 habet,
320 2752 386 2801 non
407 2731 507 2799 habet
528 2729 631 2814 vitam
653 2736 828 2796 aeternam.
878 2734 906 2794 1.
930 2732 1043 2796 Iohan.
1069 2727 1125 2794 4.³

151 2911 156 2915 ’
190 2905 194 2983 j
227 2905 357 3024 Qvare
373 2908 554 2974 auferam
576 2911 977 2978 rursusfrumentum
992 2929 1129 2973 meum

288 2998 328 3060 in
343 3003 522 3079 tempore
537 3017 616 3075 suo,
634 3002 673 3060 et
687 3003 853 3062 mustum
874 3017 1000 3062 meum
1016 3005 1130 3062 certo

191 3080 193 3087 ‘
226 3107 295 3151 suo
324 3093 522 3169 tempore,
558 3093 597 3151 et
624 3087 759 3149 lanam
786 3107 912 3151 meam
936 3088 1128 3169 eripiam,

226 3194 270 3241 ac
284 3176 411 3238 linum
427 3195 576 3252 meum,
592 3175 1033 3259 quovelavitpudenda
1045 3195 1128 3244 sua.

178 3331 269 3462 H⁰⁰
291 3353 425 3456 tandem
452 3352 531 3451 finis¹
550 3359 615 3430 est,
648 3353 691 3421 ad
715 3373 812 3434 quem
835 3353 985 3434 impietas
1007 3353 1129 3456 tendit,

253 3448 286 3509 et
320 3447 406 3522 cog1t
433 3442 549 3519 deum,
585 3461 645 3506 sua
671 3448 786 3507 natura
821 3443 960 3518 bonum,
997 3449 1129 3525 mitem,

30 3506 65 3538 ⁷
179 3530 362 3621 pacientem
391 3536 424 3594 et
453 3530 688 3611 ignoscentem,
726 3537 764 3595 ut
793 3533 838 3594 sit
865 3531 984 3596 durior.
1039 3531 1129 3602 Nam

267 3719 294 3788 1)
313 3721 477 3776 matthae.
514 3721 543 3791 2)
563 3721 665 3777 Cultus
683 3723 762 3777 Baal.
804 3675 833 3792 d)
853 3723 878 3777 1.
898 3721 999 3796 iehan.
1018 3719 1045 3776 4.
