2575 4225
190 240 255 304 284
519 237 624 319 Caput
645 243 799 317 quartum

189 418 370 493 cantuum,
400 435 483 496 quae
507 416 724 497 superioribus
746 415 956 496 temporibus,
984 432 1061 477 cum
1083 412 1134 476 ira

189 507 243 569 dei
265 506 307 568 ad
326 506 394 567 hue
416 505 603 585 quiesceret,
627 509 719 567 tanta
740 524 807 566 non
829 510 906 567 erat.

277 594 326 656 De
340 593 540 673 Hieronymo
563 595 770 656 vehementer
792 593 899 659 miror.
938 592 1023 655 Nam
1045 592 1133 653 hanc

189 682 326 745 eandem
355 683 551 747 sententiam
579 682 711 757 retinet,
742 683 822 745 haec
845 682 934 743 enim
962 686 1039 744 sunt
1062 680 1134 745 eius

189 772 295 847 verba,
320 791 403 851 quae
416 772 522 835 libens
536 770 709 853 adscripsi:
734 771 816 847 Cum
834 770 1002 851 eaptivitas
1017 768 1134 831 decem

189 861 343 937 tribuum,
366 860 483 940 inquit,
499 861 631 936 venerit,
655 860 835 944 habitatore
851 859 987 935 sublato,
1008 857 1133 920 bestiae

189 969 317 1029 quoque
341 956 373 1012 et
395 950 539 1013 volucres
565 949 645 1012 coeli
668 955 702 1011 et
722 949 827 1030 pisces
849 948 948 1013 maris
970 946 1132 1022 deficient,

188 1040 338 1119 iramque⁸
369 1038 493 1102 domini
530 1040 630 1101 etiam
662 1042 755 1101 muta
789 1039 948 1101 elementa
981 1035 1132 1100 sentient.

189 1128 262 1191 Hoc
284 1129 343 1208 qui
364 1148 432 1191 non
455 1127 562 1190 credit
579 1127 732 1191 accidisse
754 1128 875 1209 populo
890 1126 998 1201 lsrael,
1023 1130 1135 1187 cernat

190 1216 373 1297 illyricum,
412 1222 523 1280 cernat
560 1216 730 1293 Thracias,
772 1215 997 1279 Macedoniam
1035 1220 1135 1292 atque

191 1306 388 1381 Pannonias,
417 1325 611 1385 omnemque
634 1311 765 1382 terram,
791 1324 873 1384 quae
897 1324 917 1366 a
937 1301 1135 1384 Propontide

191 1399 223 1456 et
245 1394 410 1474 Bosphoro
438 1394 607 1475 usquead
635 1395 724 1475 alpes
746 1394 845 1457 Iulias
873 1391 1072 1469 extenditur,
1103 1396 1139 1453 et

191 1482 354 1562 probabit,
380 1502 454 1545 cum
476 1483 664 1547 hominibus
688 1488 720 1545 et
742 1482 922 1545 animantia
943 1486 1061 1543 cuncta
1083 1479 1136 1541 de·

192 1570 299 1646 ficere,
336 1591 419 1650 quae
447 1571 483 1633 in
512 1591 591 1635 usus
617 1572 789 1637 hominum
819 1590 838 1633 a
871 1576 1011 1635 creatore
1045 1568 1138 1651 prius

193 1659 369 1722 alebantur.
779 1694 783 1699 ·

281 1750 449 1813 Hactenus
472 1750 692 1831 Hieronymus
718 1748 862 1831 loquitur
889 1747 931 1809 de
960 1747 1026 1818 suis
1057 1753 1139 1809 tem-

193 1837 336 1917 poribus.
382 1838 445 1902 Sed
468 1840 542 1919 quis
564 1860 632 1902 non
646 1840 736 1903 videt
758 1858 834 1903 eum
856 1837 961 1903 verius
984 1836 1139 1901 vaticina-

193 1931 264 1989 tum
287 1947 356 1990 esse
372 1927 412 1989 de
435 1929 553 1992 nostris
568 1928 778 2010 temporibus,
802 1945 885 2007 quae
899 1927 1016 1989 harum
1037 1924 1139 2004 regio-

194 2035 285 2092 num,
311 2036 392 2096 quas
407 2017 564 2094 nominat,
589 2018 788 2082 eversionem
804 2016 915 2080 vident
937 2020 970 2077 et
992 2014 1141 2077 sentiunt

197 2104 317 2167 factam
339 2127 399 2186 par
421 2106 569 2184 uncam,
593 2114 724 2188 propter
746 2113 877 2188 peccata
900 2108 1017 2168 nostra.

276 2305 321 2346 nn
344 2303 460 2346 nemo
483 2303 552 2347 eos
568 2303 771 2361 accusare,
796 2303 905 2346 nemo
920 2282 1143 2364 reprehen-

295 2371 387 2434 dere
416 2371 546 2436 audet.
592 2373 770 2455 Populus
801 2373 908 2436 enim
937 2377 1032 2434 tuus
1064 2378 1142 2448 est,

241 2461 344 2524 sicut
366 2461 428 2541 qui
451 2469 649 2526 accusant
670 2461 926 2526 sacerdotem.

201 2632 326 2743 ¹Nota
354 2644 404 2700 est
426 2638 552 2719 phrasis
580 2639 664 2715 ,Isch
687 2640 718 2701 al
740 2640 829 2703 iaref‘
859 2640 908 2704 vir
935 2658 976 2702 ne
1010 2643 1142 2701 conten·

290 2724 355 2788 dat.
402 2726 486 2788 Nam
501 2728 657 2790 vocabulo
679 2729 740 2792 viri
759 2729 863 2792 solent
878 2726 995 2791 Ebraei
1016 2727 1065 2790 uti
1077 2747 1144 2808 pro

197 2814 355 2894 particula
375 2814 555 2878 indefinita.
601 2817 774 2881 Recensuit
799 2817 957 2898 propheto
982 2816 1145 2878 hactenus

198 2911 328 2985 peccata
351 2905 402 2967 sui
417 2903 541 2985 populi.
587 2905 692 2970 Debet
713 2913 823 2970 autem
844 2906 925 2968 haec
948 2923 1143 2980 commemo-

197 2992 279 3057 ratio
302 3013 340 3056 eo
361 2993 453 3073 infigi
469 2993 656 3074 diligentius
679 2995 796 3058 animis
811 2995 939 3070 nostris,
962 2993 1050 3073 quod
1065 2991 1143 3055 isto·

199 3102 271 3144 rum
301 3088 484 3163 temporum
518 3082 693 3163 imaginem
727 3102 878 3164 praesens
908 3088 1019 3145 nostra
1050 3087 1146 3145 aetas

199 3171 304 3233 refert.
350 3170 474 3251 Itaque,
498 3172 562 3233 nisi
578 3193 654 3235 vera
668 3172 866 3253 poenitentia
880 3170 1147 3253 praevenerimus

199 3260 280 3322 iram
309 3258 446 3334 domini,
477 3259 591 3322 eadem
614 3261 821 3323 Germaniam
852 3281 957 3342 poena
984 3259 1147 3323 manebit.

288 3346 390 3410 Addit
417 3353 526 3410 autem
557 3350 714 3429 prophete
749 3349 815 3410 iam
845 3348 932 3411 aliud
960 3354 1147 3429 peccatum,

200 3437 287 3516 quod
320 3437 356 3498 in
383 3436 523 3516 speeiem
558 3437 685 3500 videtur
711 3457 780 3501 esse
806 3439 925 3514 levius,
961 3435 1018 3500 sed
1046 3437 1135 3516 long<

201 3526 426 3604 gravissimum
441 3530 499 3587 est.
549 3518 641 3588 'Non
664 3527 751 3589 enim
767 3532 895 3590 tantum
918 3532 968 3588 est
981 3545 1131 3606 peccasse
1219 3567 1223 3576 ·

292 3716 319 3782 1)
331 3716 391 3769 Vir.
421 3714 450 3783 2)
463 3715 590 3771 Mundus
603 3733 668 3771 cum
681 3723 789 3790 peccat,
808 3735 869 3774 non
885 3719 948 3774 vult
959 3719 1114 3786 reprehens

1280 3663 1282 3692 ι

1279 3693 1282 3730 t
