2575 4225
476 287 597 347 1ῖὸ
1138 283 1348 364 Caput
1393 284 1678 366 primum

468 467 504 523 11
520 463 702 524 icitur
717 511 731 537 ,
792 481 874 523 ne
918 462 1151 541 lugeat,
1215 481 1493 541 cumque
1547 461 1619 524 id
1673 467 1740 525 et
1794 461 2188 542 praediceret
2204 512 2219 537 ‚
2283 469 2354 525 et

471 555 607 631 ipso
639 552 810 612 facto
841 551 1080 631 populo
1113 550 1494 627 ostenderet,
1545 550 1796 630 quaerit
1831 550 2131 631 populus,
2183 551 2345 631 quid

472 643 592 703 ista
652 638 1060 718 significent?
1151 640 1324 713 Quid
1377 643 1594 702 autem
1650 639 1760 701 1110
1817 644 2179 702 moveretur
2232 660 2354 721 poa

468 731 657 807 pulus
672 778 685 804 ,
748 733 862 789 aut
905 728 1288 809 intelligeret
1333 729 1457 791 sibi
1502 728 1584 791 ab
1629 729 1847 790 Hosea
1890 728 2202 792 divinitus
2264 729 2343 791 81-

468 817 772 895 gnificari,
822 817 876 879 si
904 818 1065 885 haec
1096 823 1354 881 tantum
1381 818 1455 879 in
1482 813 1729 881 visione
1761 817 1879 880 soli
1910 816 2037 897 ipsi
2061 822 2338 894 ostensa,

472 927 598 967 non
675 912 879 985 gesta,
960 907 1024 969 et
1096 907 1239 987 ipso
1318 906 1490 969 facto
1558 906 1629 967 in
1703 906 2018 986 populum
2093 901 2347 987 prolata

472 995 785 1058 fuissent?
1111 1037 1129 1045 x

644 1083 770 1146 Cur
814 1083 1029 1164 igitur,
1079 1104 1229 1147 cum
1274 1104 1544 1147 uxorem
1588 1084 1886 1146 iubeatur
1929 1083 2162 1146 ducere
2204 1103 2345 1164 pro-

468 1175 662 1251 pheta
680 1223 694 1250 ,
761 1179 827 1236 et
872 1194 954 1235 ex
1000 1194 1076 1235 ea
1121 1174 1442 1256 suscipere
1500 1173 1758 1248 liberos,
1821 1171 2055 1235 dicitur
2111 1171 2348 1235 ducere

471 1283 504 1323 u
520 1281 732 1323 :torem
792 1262 1294 1325 fornicationum
1311 1264 1344 1323 ‘?
1433 1262 1520 1324 Et
1580 1260 1752 1341 quod
1820 1260 2180 1323 mirabilius
2250 1267 2352 1324 est

468 1355 524 1427 gi
532 1370 722 1431 gnere
768 1351 933 1413 filios
980 1352 1496 1427 fornicationum,
1543 1350 1658 1430 qui
1704 1354 1870 1411 certe
1915 1370 2049 1412 non
2082 1349 2350 1413 fuerunt

468 1438 677 1515 nothi,
736 1439 989 1502 etiamsi
1050 1441 1186 1503 eius
1246 1459 1409 1502 uxor
1454 1444 1601 1501 ante
1671 1439 2043 1518 coniugium
2113 1439 2350 1501 fuisset

468 1526 821 1590 fnrnioaria.

642 1617 809 1678 Mira
866 1636 965 1679 res
1023 1623 1121 1680 est
1135 1667 1149 1693 ,
1220 1616 1537 1698 propheta
1591 1616 1998 1697 singulariter
2055 1623 2340 1693 vocatur,

468 1715 540 1767 ut
584 1706 806 1788 populi
851 1705 1215 1769 idolatriam
1260 1712 1534 1782 accuset,
1583 1712 1648 1769 et
1691 1705 2016 1787 praedicet
2057 1704 2140 1767 de
2194 1724 2341 1786 poe·

468 1795 564 1855 nis
623 1795 935 1858 secuturis
954 1845 967 1871 ,
1029 1794 1272 1858 scilicet
1325 1794 1404 1856 de
1461 1795 1819 1859 vastatione
1875 1799 1940 1856 et
1998 1794 2344 1857 reiectione

468 1884 688 1963 pupuli
744 1889 810 1946 et
863 1884 1061 1947 totius
1120 1883 1380 1965 politiae
1395 1933 1408 1960 ,
1467 1889 1532 1945 et
1590 1884 1745 1963 quia
1801 1888 2022 1946 tamen
2081 1902 2344 1945 11000880

464 1979 560 2035 cst
602 1973 787 2035 iuxta
831 1973 1288 2053 promissiones
1336 1971 1588 2035 divinas
1635 1971 1870 2036 servari
1915 1972 2263 2052 aliquam‘e
2277 1991 2334 2033 0-

464 2062 720 2124 010810111
738 2112 751 2138 ,
801 2061 984 2126 addit
1028 2061 1531 2125 consolationem
1577 2061 1702 2143 piis
1747 2061 2198 2137 necessariam,
2260 2060 2344 2124 de

464 2172 560 2208 scr
568 2151 788 2212 vandis
835 2151 1159 2230 aliquibus
1204 2150 1493 2232 reliquiis
1514 2201 1528 2228 ,
1577 2156 1642 2214 et
1687 2151 1767 2212 de
1811 2148 2144 2214 vocatione
2190 2170 2341 2230 gen-

464 2240 647 2298 tium.
739 2239 829 2301 Ut
873 2239 1069 2318 igitur
1113 2239 1277 2302 serio
1322 2245 1608 2316 testetur,
1658 2260 1725 2302 se
1771 2238 1989 2303 divino
2027 2238 2343 2302 mandato

464 2345 755 2388 ntzzcusare
811 2328 1126 2408 populum
1182 2327 1513 2391 idolatriae
1534 2379 1547 2404 ,
1619 2334 1684 2390 et
1738 2328 2102 2410 praedicare
2164 2333 2343 2390 certo

464 2420 788 2478 secuturas
833 2435 1093 2496 poenas,
1140 2417 1265 2479 hoc
1310 2417 1486 2480 velut
1514 2417 1651 2480 *hoc
1697 2423 1880 2496 gestu
1927 2422 1992 2479 et
2035 2417 2222 2495 signo
2270 2416 2344 2478 id

464 2505 699 2584 populo
756 2505 1057 2568 ostendit.
1149 2506 1417 2568 Iubetur
1472 2505 1734 2568 ductam
1791 2525 2059 2569 uxorem
2117 2510 2184 2567 et
2237 2525 2341 2568 su-

464 2597 711 2672 sceptos
756 2594 920 2657 filios
965 2595 1141 2658 velut
1191 2594 1522 2657 traducere
1578 2595 1704 2658 hoc
1758 2594 1991 2656 infami
2049 2593 2341 2670 nomine,

464 2692 536 2740 111
580 2680 716 2760 ipse
763 2701 871 2744 eos
916 2688 1130 2758 vocet,
1187 2688 1252 2746 et
1297 2682 1606 2747 divinitus
1653 2683 1745 2746 810
1789 2683 2000 2746 vocari
2043 2688 2342 2760 testetur,

460 2771 726 2830 uxorem
772 2774 837 2831 et
880 2770 1043 2833 filios
1089 2771 1607 2848 fornicationum,
1654 2772 1967 2848 videlicet,
2021 2777 2099 2834 ut
2143 2770 2342 2852 signi-

462 2860 621 2933 ficet,
671 2861 879 2921 totum
924 2861 1241 2942 populum
1287 2880 1424 2924 esse
1470 2861 1666 2924 talem
1711 2881 1926 2924 coram
1962 2860 2100 2935 dec,
2143 2866 2345 2923 'reum

460 2956 517 3008 01
584 2945 885 3010 daturum
942 2969 1183 3030 poenas
1236 2949 1568 3013 idolatriae
1581 3000 1595 3026 ,
1667 2970 1780 3013 seu
1847 2948 2230 3012 desertionis
2305 2971 2348 3012 a

460 3036 675 3112 verbo,
734 3037 862 3100 fide
909 3044 973 3101 et
1016 3059 1165 3102 vero
1211 3030 1390 3101 cultu
1433 3039 1628 3102 huius
1674 3039 1808 3115 dei,
1873 3037 1987 3118 qui
2033 3057 2101 3099 se
2162 3037 2346 3102 datis

460 3126 987 3204 promissionibus
1043 3128 1199 3190 huic
1258 3127 1498 3208 populo
1560 3128 1944 3209 patefecerat
1962 3176 1976 3203 ,
2048 3131 2114 3188 et
2182 3146 2347 3190 eum

459 3212 883 3292 peculiaribus
928 3217 1317 3279 testimoniis
1363 3221 1430 3278 et
1471 3217 1796 3280 miraculis
1841 3220 2142 3280 vocatum
2181 3217 2346 3279 sele·

460 3306 633 3380 gerat
680 3321 760 3363 ex
807 3302 948 3366 aliis
994 3305 1316 3383 gentibus.

633 3387 811 3454 *Hoc
854 3392 925 3452 in
978 3393 1293 3474 scriptura
1348 3393 1723 3475 prophetica
1773 3393 2008 3456 usitate
2068 3399 2302 3457 vocatu

460 3480 791 3544 fornicatio
812 3529 827 3557 ,
888 3501 927 3542 a
972 3480 1099 3544 fide
1143 3483 1323 3546 verbi
1367 3482 1586 3544 traditi
1604 3532 1618 3559 ,
1679 3489 1744 3546 et
1790 3481 2068 3545 cultibus
2115 3502 2158 3544 a
2216 3482 2286 3545 d‹

634 3758 681 3822 ⁴¹)
717 3759 789 3810 In
822 3775 998 3827 marg.
1038 3761 1162 3816 coll.
1202 3763 1348 3818 Ien.:
1388 3761 1728 3817 Fornicatio.

2544 3261 2551 3482 -——-..-
2544 3113 2551 3239 „dn-*-
2548 3083 2550 3094 -
2544 2310 2551 3051 h--*2—„———-—*A——h-.-——-ffi*
2548 2233 2551 2252 ,-
