2575 4225
339 1499 546 1580 HOSEAE
573 1500 883 1580 PROPHETAE

426 1639 572 1710 erm
595 1641 804 1710 eumn*

147 1799 317 1915 Verrvu¹
356 1803 480 1868 domini
515 1806 604 1886 quod
638 1805 761 1868 fantum
796 1810 845 1868 est
872 1804 914 1868 ad
943 1805 1086 1869 Hoeeam

210 1893 317 1955 filium
338 1894 439 1970 Beeri,
463 1895 499 1957 in
520 1894 639 1957 diebue‘
659 1895 771 1972 Veiae,
795 1895 938 1969 Iotham,
968 1895 1085 1971 thaz,

148 1989 179 2046 et
206 1983 367 2045 Iehiekiae
397 2002 510 2062 regum
538 1982 637 2060 Iuda,
667 1988 699 2045 et
727 1983 763 2044 in
786 1982 900 2045 diebus
922 1983 1087 2046 Ierobeam

148 2072 206 2135 filii
227 2073 301 2135 Ioae
324 2071 408 2152 regie
430 2072 539 2136 Israel.

241 2156 333 2225 2Hoc
356 2167 405 2224 eet
426 2161 625 2243 principium
648 2159 779 2242 quando
795 2159 947 2224 dominus
962 2161 1088 2225 loeutus

148 2256 197 2314 eet
228 2270 289 2331 per
322 2250 475 2313 Hoseam.
536 2251 696 2314 Dominus
734 2248 819 2313 dixit
856 2250 898 2312 ad
935 2251 1087 2327 Hoeeam‚

147 2339 238 2416 vade,
262 2343 296 2401 et
318 2359 409 2402 eume
432 2339 493 2402 tibi
515 2360 650 2403 uxorem
666 2338 879 2415 fornicariam,
905 2344 937 2401 et
952 2340 1034 2403 filios
1049 2360 1090 2403 ex

148 2427 362 2491 fornicatione
384 2433 487 2505 natos,
512 2430 668 2510 quoniam
691 2434 783 2504 terra,
813 2427 946 2490 domino
970 2429 1088 2504 relicto,

79 2576 86 2586 ,
148 2517 287 2599 turpiter
310 2516 468 2581 fornicata
489 2522 548 2581 eet.
594 2517 686 2580 Abiit
707 2517 806 2597 igitur
829 2520 861 2578 et
883 2516 1007 2597 aceepit
1029 2516 1089 2579 Go-

147 2624 217 2669 mer
246 2605 348 2667 filiam
377 2606 549 2683 Diblaiim,
580 2626 664 2687 quae
692 2604 876 2687 concipiens
906 2605 1032 2687 peperit
1061 2606 1091 2667 ei

146 2695 263 2758 filium.
310 2694 484 2775 Dixitque=
498 2696 652 2760 dominus
686 2694 839 2771 adeum,
870 2714 949 2758 voca
971 2714 1091 2759 nomen

241 2941 268 3009 1)
287 2941 414 3009 Tempus
433 2956 490 3007 quo
502 2939 644 3007 propheta
656 2938 737 2995 vixit.
775 2939 848 2993 Sunt
860 2942 957 2994 autem
969 2955 987 2993 a
998 2940 1092 3007 primo

149 3012 301 3068 Ierobeam
319 3011 452 3065 adhunc
477 3012 547 3065 anni
566 3010 627 3065 155.
671 3010 699 3079 2)
728 3009 895 3076 Obiurgatio
922 3014 967 3064 est
993 3010 1093 3079 populi

62 3075 68 3083 ¹
150 3083 250 3153 Israel,
270 3083 348 3150 quod
366 3082 405 3137 eit
423 3082 527 3136 similis
545 3083 707 3151 adulterae,
734 3096 808 3149 quae
832 3096 870 3133 ex
887 3080 1028 3137 adulterio
1046 3081 1094 3135 ali·

151 3155 266 3222 quoties
284 3153 405 3222 peperit.
441 3154 478 3207 In
504 3153 559 3208 hoo
583 3157 680 3207 autem
705 3152 902 3207 misericordia
920 3152 967 3206 dei
984 3153 1093 3219 praedi·

5 3193 31 3256 ¹·
151 3230 241 3295 catur,
260 3224 338 3292 quod
356 3225 432 3278 hano
450 3224 653 3279 adulteriam‘*
671 3223 801 3278 nondum
813 3224 899 3292 plane
917 3223 1023 3293 abiicit,
1042 3224 1094 3277 sed

154 3297 248 3350 mittit
273 3296 311 3349 ad
340 3312 404 3349 eam
431 3296 596 3365 prophetae,
624 3298 654 3349 et
683 3298 798 3351 revocat
823 3295 856 3348 in
882 3294 968 3351 viam.
1004 3294 1095 3348 Addit

155 3372 251 3421 utem
268 3366 318 3421 hio
335 3382 452 3437 poenae,
472 3368 550 3434 quod
567 3368 726 3423 vastandus
739 3366 778 3421 sit
790 3366 889 3436 Israel,
908 3370 938 3420 et
955 3364 1095 3421 abducen-

174 3454 210 3494 us
228 3438 261 3491 in
279 3441 381 3504 gentes
399 3454 433 3492 ao
451 3454 601 3505 nunquam
619 3437 808 3492 redueendus.

244 3632 271 3703 Ι’)
298 3634 460 3688 Translatio
485 3632 578 3687 latina
595 3634 678 3687 deest
696 3634 728 3686 in
746 3632 808 3687 coll.
827 3632 953 3687 Ienensi.
989 3632 1026 3685 In
1043 3632 1096 3686 aol-

181 3703 278 3759 otione
286 3703 555 3772 Vuittembergensi
566 3704 685 3771 legitur:
697 3702 849 3758 HOSEAE
859 3702 1095 3757 PROPHETAE.

186 3775 282 3829 APVT
300 3776 322 3828 I.
360 3774 401 3842 ”)
421 3775 482 3829 Ed*
495 3776 569 3829 Ien.:
588 3776 755 3829 adulteram.

197 3873 285 3915 Lathon·
299 3883 347 3923 opp.
360 3877 445 3923 neget
476 3874 525 3915 Vol.
537 3873 614 3915 mv.
902 3862 937 3916 10
