<?xml version="1.0" encoding="UTF-8"?>
<!DOCTYPE html PUBLIC "-//W3C//DTD XHTML 1.0 Transitional//EN"
    "http://www.w3.org/TR/xhtml1/DTD/xhtml1-transitional.dtd">
<html xmlns="http://www.w3.org/1999/xhtml" xml:lang="en" lang="en">
 <head>
  <title>
</title>
<meta http-equiv="Content-Type" content="text/html;charset=utf-8" />
  <meta name='ocr-system' content='tesseract 3.04.00' />
  <meta name='ocr-capabilities' content='ocr_page ocr_carea ocr_par ocr_line ocrx_word'/>
</head>
<body>
  <div class='ocr_page' id='page_1' title='image "./exegeticaoperal13luthgoog_0149.png"; bbox 0 0 2575 4225; ppageno 0'>
   <div class='ocr_carea' id='block_1_1' title="bbox 215 235 800 315">
    <p class='ocr_par' dir='ltr' id='par_1_1' title="bbox 215 235 800 315">
     <span class='ocr_line' id='line_1_1' title="bbox 215 235 800 315; baseline -0.009 -14"><span class='ocrx_word' id='word_1_1' title='bbox 215 240 279 302; x_wconf 88' lang='lat'><strong>138</strong></span> <span class='ocrx_word' id='word_1_2' title='bbox 562 235 800 315; x_wconf 86' lang='lat' dir='ltr'><strong>Prolegomsna.</strong></span> 
     </span>
    </p>
   </div>
   <div class='ocr_carea' id='block_1_2' title="bbox 212 411 1154 1560">
    <p class='ocr_par' dir='ltr' id='par_1_2' title="bbox 212 411 1154 1560">
     <span class='ocr_line' id='line_1_2' title="bbox 213 411 1153 493; baseline -0.009 -12"><span class='ocrx_word' id='word_1_3' title='bbox 213 414 553 481; x_wconf 79' lang='lat' dir='ltr'><strong>commemorationem</strong></span> <span class='ocrx_word' id='word_1_4' title='bbox 585 411 911 492; x_wconf 88' lang='lat' dir='ltr'><strong>Baumgartnerianae</strong></span> <span class='ocrx_word' id='word_1_5' title='bbox 945 413 1153 493; x_wconf 86' lang='lat' dir='ltr'><strong>captivitatis.</strong></span> 
     </span>
     <span class='ocr_line' id='line_1_3' title="bbox 212 501 1154 580; baseline -0.004 -11"><span class='ocrx_word' id='word_1_6' title='bbox 212 507 276 569; x_wconf 83' lang='lat' dir='ltr'><strong>Sed</strong></span> <span class='ocrx_word' id='word_1_7' title='bbox 299 503 527 579; x_wconf 90' lang='lat' dir='ltr'><strong>haecomnia,</strong></span> <span class='ocrx_word' id='word_1_8' title='bbox 559 508 598 564; x_wconf 94' lang='lat' dir='ltr'><strong>ut</strong></span> <span class='ocrx_word' id='word_1_9' title='bbox 627 522 703 564; x_wconf 91' lang='lat' dir='ltr'><strong>cum</strong></span> <span class='ocrx_word' id='word_1_10' title='bbox 725 501 865 564; x_wconf 87' lang='lat' dir='ltr'><strong>Luthero</strong></span> <span class='ocrx_word' id='word_1_11' title='bbox 887 501 1015 580; x_wconf 87' lang='lat' dir='ltr'><strong>loquar,</strong></span> <span class='ocrx_word' id='word_1_12' title='bbox 1042 522 1154 565; x_wconf 90' lang='lat' dir='ltr'><strong>merae</strong></span> 
     </span>
     <span class='ocr_line' id='line_1_4' title="bbox 213 590 1153 674; baseline -0.005 -16"><span class='ocrx_word' id='word_1_13' title='bbox 213 613 318 674; x_wconf 80' lang='lat' dir='ltr'>nugae</span> <span class='ocrx_word' id='word_1_14' title='bbox 341 600 426 656; x_wconf 87' lang='lat' dir='ltr'><strong>sunt.</strong></span> <span class='ocrx_word' id='word_1_15' title='bbox 473 593 608 667; x_wconf 84' lang='lat' dir='ltr'><strong>Scimus,</strong></span> <span class='ocrx_word' id='word_1_16' title='bbox 633 610 698 672; x_wconf 90' lang='lat' dir='ltr'><strong>qua</strong></span> <span class='ocrx_word' id='word_1_17' title='bbox 716 590 839 652; x_wconf 90' lang='lat' dir='ltr'><strong>ratione</strong></span> <span class='ocrx_word' id='word_1_18' title='bbox 853 591 950 652; x_wconf 88' lang='lat' dir='ltr'><strong>Vitus</strong></span> <span class='ocrx_word' id='word_1_19' title='bbox 966 590 1153 653; x_wconf 87' lang='lat' dir='ltr'><strong>Theodorus</strong></span> 
     </span>
     <span class='ocr_line' id='line_1_5' title="bbox 213 679 1151 762; baseline -0.002 -17"><span class='ocrx_word' id='word_1_20' title='bbox 213 684 311 747; x_wconf 85' lang='lat' dir='ltr'><strong>verba</strong></span> <span class='ocrx_word' id='word_1_21' title='bbox 332 682 477 762; x_wconf 80' lang='lat' dir='ltr'><strong>magistri</strong></span> <span class='ocrx_word' id='word_1_22' title='bbox 499 681 535 742; x_wconf 91' lang='lat' dir='ltr'><strong>in</strong></span> <span class='ocrx_word' id='word_1_23' title='bbox 556 681 676 743; x_wconf 89' lang='lat' dir='ltr'><strong>scholis</strong></span> <span class='ocrx_word' id='word_1_24' title='bbox 697 679 834 761; x_wconf 90' lang='lat' dir='ltr'><strong>publicis</strong></span> <span class='ocrx_word' id='word_1_25' title='bbox 855 679 979 758; x_wconf 89' lang='lat' dir='ltr'><strong>prolata</strong></span> <span class='ocrx_word' id='word_1_26' title='bbox 993 680 1151 755; x_wconf 87' lang='lat' dir='ltr'><strong>tractavit,</strong></span> 
     </span>
     <span class='ocr_line' id='line_1_6' title="bbox 213 767 1152 848; baseline -0.004 -13"><span class='ocrx_word' id='word_1_27' title='bbox 213 771 360 848; x_wconf 88' lang='lat' dir='ltr'><strong>correxit,</strong></span> <span class='ocrx_word' id='word_1_28' title='bbox 385 768 603 846; x_wconf 84' lang='lat' dir='ltr'><strong>commutavit,</strong></span> <span class='ocrx_word' id='word_1_29' title='bbox 627 768 729 845; x_wconf 85' lang='lat' dir='ltr'><strong>auxit,</strong></span> <span class='ocrx_word' id='word_1_30' title='bbox 746 769 812 830; x_wconf 90' lang='lat' dir='ltr'><strong>suis</strong></span> <span class='ocrx_word' id='word_1_31' title='bbox 827 773 896 830; x_wconf 88' lang='lat' dir='ltr'><strong>met</strong></span> <span class='ocrx_word' id='word_1_32' title='bbox 909 767 1012 848; x_wconf 87' lang='lat' dir='ltr'><strong>ipsius</strong></span> <span class='ocrx_word' id='word_1_33' title='bbox 1028 774 1152 831; x_wconf 87' lang='lat' dir='ltr'><strong>senten·</strong></span> 
     </span>
     <span class='ocr_line' id='line_1_7' title="bbox 213 856 1153 937; baseline -0.003 -13"><span class='ocrx_word' id='word_1_34' title='bbox 213 862 268 924; x_wconf 89' lang='lat' dir='ltr'><strong>tiis</strong></span> <span class='ocrx_word' id='word_1_35' title='bbox 308 860 512 922; x_wconf 89' lang='lat' dir='ltr'><strong>commiscuit</strong></span> <span class='ocrx_word' id='word_1_36' title='bbox 550 856 674 937; x_wconf 89' lang='lat' dir='ltr'><strong>suoque</strong></span> <span class='ocrx_word' id='word_1_37' title='bbox 714 857 787 920; x_wconf 90' lang='lat' dir='ltr'><strong>stilo</strong></span> <span class='ocrx_word' id='word_1_38' title='bbox 830 856 968 935; x_wconf 76' lang='lat' dir='ltr'><strong>subegit!</strong></span> <span class='ocrx_word' id='word_1_39' title='bbox 1012 857 1153 921; x_wconf 89' lang='lat' dir='ltr'><strong>Luthero</strong></span> 
     </span>
     <span class='ocr_line' id='line_1_8' title="bbox 212 947 1153 1029; baseline -0.003 -17"><span class='ocrx_word' id='word_1_40' title='bbox 212 954 340 1013; x_wconf 87' lang='lat' dir='ltr'><strong>mortuo</strong></span> <span class='ocrx_word' id='word_1_41' title='bbox 355 949 424 1029; x_wconf 90' lang='lat' dir='ltr'><strong>ipse</strong></span> <span class='ocrx_word' id='word_1_42' title='bbox 440 948 476 1011; x_wconf 89' lang='lat' dir='ltr'><strong>in</strong></span> <span class='ocrx_word' id='word_1_43' title='bbox 490 948 575 1010; x_wconf 88' lang='lat' dir='ltr'><strong>Ioele</strong></span> <span class='ocrx_word' id='word_1_44' title='bbox 591 947 769 1022; x_wconf 85' lang='lat' dir='ltr'><strong>confitetur,</strong></span> <span class='ocrx_word' id='word_1_45' title='bbox 794 965 827 1008; x_wconf 88' lang='lat' dir='ltr'><strong>se</strong></span> <span class='ocrx_word' id='word_1_46' title='bbox 848 964 920 1022; x_wconf 85' lang='lat' dir='ltr'><strong>,suo</strong></span> <span class='ocrx_word' id='word_1_47' title='bbox 935 949 1033 1007; x_wconf 89' lang='lat' dir='ltr'><strong>more‘</strong></span> <span class='ocrx_word' id='word_1_48' title='bbox 1052 947 1153 1009; x_wconf 90' lang='lat' dir='ltr'><strong>etiam</strong></span> 
     </span>
     <span class='ocr_line' id='line_1_9' title="bbox 212 1033 1153 1119; baseline -0.002 -19"><span class='ocrx_word' id='word_1_49' title='bbox 212 1040 301 1100; x_wconf 89' lang='lat' dir='ltr'><strong>hunc</strong></span> <span class='ocrx_word' id='word_1_50' title='bbox 331 1038 523 1119; x_wconf 86' lang='lat' dir='ltr'><strong>prophetam</strong></span> <span class='ocrx_word' id='word_1_51' title='bbox 553 1041 715 1098; x_wconf 84' lang='lat' dir='ltr'><strong>tractasse.</strong></span> <span class='ocrx_word' id='word_1_52' title='bbox 773 1034 880 1108; x_wconf 80' lang='lat' dir='ltr'><strong>Quam</strong></span> <span class='ocrx_word' id='word_1_53' title='bbox 916 1033 1020 1097; x_wconf 85' lang='lat' dir='ltr'><strong>fusius</strong></span> <span class='ocrx_word' id='word_1_54' title='bbox 1055 1041 1153 1114; x_wconf 88' lang='lat' dir='ltr'><strong>atque</strong></span> 
     </span>
     <span class='ocr_line' id='line_1_10' title="bbox 213 1124 1151 1209; baseline -0.004 -19"><span class='ocrx_word' id='word_1_55' title='bbox 213 1126 373 1209; x_wconf 81' lang='lat' dir='ltr'><strong>copiosius</strong></span> <span class='ocrx_word' id='word_1_56' title='bbox 396 1131 600 1189; x_wconf 73' lang='lat' dir='ltr'><strong>retractatam</strong></span> <span class='ocrx_word' id='word_1_57' title='bbox 623 1124 935 1204; x_wconf 81' lang='lat' dir='ltr'><strong>argumentationem</strong></span> <span class='ocrx_word' id='word_1_58' title='bbox 950 1129 1048 1202; x_wconf 88' lang='lat' dir='ltr'><strong>atque</strong></span> <span class='ocrx_word' id='word_1_59' title='bbox 1064 1143 1151 1186; x_wconf 82' lang='lat' dir='ltr'><strong>enar-</strong></span> 
     </span>
     <span class='ocr_line' id='line_1_11' title="bbox 212 1211 1151 1292; baseline -0.006 -13"><span class='ocrx_word' id='word_1_60' title='bbox 212 1217 371 1280; x_wconf 85' lang='lat' dir='ltr'><strong>rationem</strong></span> <span class='ocrx_word' id='word_1_61' title='bbox 408 1216 548 1278; x_wconf 89' lang='lat' dir='ltr'><strong>Luthero</strong></span> <span class='ocrx_word' id='word_1_62' title='bbox 584 1214 676 1276; x_wconf 84' lang='lat' dir='ltr'><strong>misit</strong></span> <span class='ocrx_word' id='word_1_63' title='bbox 712 1211 901 1292; x_wconf 85' lang='lat' dir='ltr'><strong>legendam,</strong></span> <span class='ocrx_word' id='word_1_64' title='bbox 938 1212 1151 1292; x_wconf 88' lang='lat' dir='ltr'><strong>probandam,</strong></span> 
     </span>
     <span class='ocr_line' id='line_1_12' title="bbox 212 1300 1151 1384; baseline -0.003 -17"><span class='ocrx_word' id='word_1_65' title='bbox 212 1304 512 1384; x_wconf 79' lang='lat' dir='ltr'><strong>recognoscendum.</strong></span> <span class='ocrx_word' id='word_1_66' title='bbox 557 1303 617 1365; x_wconf 91' lang='lat' dir='ltr'><strong>Pro</strong></span> <span class='ocrx_word' id='word_1_67' title='bbox 640 1321 700 1365; x_wconf 90' lang='lat' dir='ltr'><strong>sua</strong></span> <span class='ocrx_word' id='word_1_68' title='bbox 722 1320 805 1382; x_wconf 87' lang='lat' dir='ltr'><strong>quae</strong></span> <span class='ocrx_word' id='word_1_69' title='bbox 827 1300 920 1363; x_wconf 91' lang='lat' dir='ltr'><strong>nobis</strong></span> <span class='ocrx_word' id='word_1_70' title='bbox 940 1301 1061 1380; x_wconf 91' lang='lat' dir='ltr'><strong>ubique</strong></span> <span class='ocrx_word' id='word_1_71' title='bbox 1084 1321 1151 1382; x_wconf 89' lang='lat' dir='ltr'><strong>per·</strong></span> 
     </span>
     <span class='ocr_line' id='line_1_13' title="bbox 213 1389 1150 1474; baseline -0.002 -19"><span class='ocrx_word' id='word_1_72' title='bbox 213 1399 323 1474; x_wconf 91' lang='lat' dir='ltr'><strong>specta</strong></span> <span class='ocrx_word' id='word_1_73' title='bbox 337 1399 387 1455; x_wconf 89' lang='lat' dir='ltr'><strong>est</strong></span> <span class='ocrx_word' id='word_1_74' title='bbox 408 1392 631 1455; x_wconf 85' lang='lat' dir='ltr'><strong>benevolentia</strong></span> <span class='ocrx_word' id='word_1_75' title='bbox 653 1409 728 1470; x_wconf 88' lang='lat' dir='ltr'><strong>erga</strong></span> <span class='ocrx_word' id='word_1_76' title='bbox 749 1389 955 1471; x_wconf 87' lang='lat' dir='ltr'><strong>discipulum,</strong></span> <span class='ocrx_word' id='word_1_77' title='bbox 980 1390 1150 1468; x_wconf 83' lang='lat' dir='ltr'><strong>famulum,</strong></span> 
     </span>
     <span class='ocr_line' id='line_1_14' title="bbox 212 1478 1152 1560; baseline -0.001 -17"><span class='ocrx_word' id='word_1_78' title='bbox 212 1500 443 1544; x_wconf 88' lang='lat' dir='ltr'><strong>amanuensem</strong></span> <span class='ocrx_word' id='word_1_79' title='bbox 466 1487 499 1544; x_wconf 91' lang='lat' dir='ltr'><strong>et</strong></span> <span class='ocrx_word' id='word_1_80' title='bbox 520 1479 746 1543; x_wconf 89' lang='lat' dir='ltr'><strong>fidelissimum</strong></span> <span class='ocrx_word' id='word_1_81' title='bbox 769 1485 801 1541; x_wconf 90' lang='lat' dir='ltr'><strong>et</strong></span> <span class='ocrx_word' id='word_1_82' title='bbox 824 1478 956 1540; x_wconf 85' lang='lat' dir='ltr'><strong>adrem</strong></span> <span class='ocrx_word' id='word_1_83' title='bbox 983 1479 1152 1560; x_wconf 84' lang='lat' dir='ltr'><strong>splendide</strong></span> 
     </span>
    </p>
   </div>
   <div class='ocr_carea' id='block_1_3' title="bbox 85 1567 1152 1651">
    <p class='ocr_par' dir='ltr' id='par_1_3' title="bbox 32 1544 1152 1651">
     <span class='ocr_line' id='line_1_15' title="bbox 85 1567 1152 1651; baseline 0.002 -22.905"><span class='ocrx_word' id='word_1_84' title='bbox 85 1625 88 1630; x_wconf 87' lang='lat'>.</span> <span class='ocrx_word' id='word_1_85' title='bbox 212 1569 440 1651; x_wconf 88' lang='lat' dir='ltr'><strong>perficiendam</strong></span> <span class='ocrx_word' id='word_1_86' title='bbox 456 1570 610 1632; x_wconf 87' lang='lat' dir='ltr'><strong>idoneum</strong></span> <span class='ocrx_word' id='word_1_87' title='bbox 624 1568 785 1631; x_wconf 86' lang='lat' dir='ltr'><strong>Lutherus</strong></span> <span class='ocrx_word' id='word_1_88' title='bbox 797 1567 867 1630; x_wconf 88' lang='lat' dir='ltr'><strong>Viti</strong></span> <span class='ocrx_word' id='word_1_89' title='bbox 882 1570 1152 1630; x_wconf 86' lang='lat' dir='ltr'><strong>commentarium</strong></span> 
     </span>
    </p>
   </div>
   <div class='ocr_carea' id='block_1_4' title="bbox 210 1656 1153 2183">
    <p class='ocr_par' dir='ltr' id='par_1_4' title="bbox 210 1656 1153 2183">
     <span class='ocr_line' id='line_1_16' title="bbox 212 1656 1153 1740; baseline 0 -20"><span class='ocrx_word' id='word_1_90' title='bbox 212 1679 271 1740; x_wconf 88' lang='lat' dir='ltr'><strong>pro</strong></span> <span class='ocrx_word' id='word_1_91' title='bbox 301 1678 359 1721; x_wconf 88' lang='lat' dir='ltr'><strong>suo</strong></span> <span class='ocrx_word' id='word_1_92' title='bbox 388 1659 527 1738; x_wconf 89' lang='lat' dir='ltr'><strong>agnovit.</strong></span> <span class='ocrx_word' id='word_1_93' title='bbox 574 1658 681 1732; x_wconf 82' lang='lat' dir='ltr'><strong>Quam</strong></span> <span class='ocrx_word' id='word_1_94' title='bbox 711 1657 753 1719; x_wconf 92' lang='lat' dir='ltr'><strong>ob</strong></span> <span class='ocrx_word' id='word_1_95' title='bbox 784 1675 915 1718; x_wconf 87' lang='lat' dir='ltr'><strong>causam</strong></span> <span class='ocrx_word' id='word_1_96' title='bbox 945 1656 1040 1718; x_wconf 83' lang='lat' dir='ltr'><strong>Vltus</strong></span> <span class='ocrx_word' id='word_1_97' title='bbox 1070 1677 1153 1739; x_wconf 91' lang='lat' dir='ltr'><strong>opus</strong></span> 
     </span>
     <span class='ocr_line' id='line_1_17' title="bbox 212 1742 1152 1831; baseline 0 -21"><span class='ocrx_word' id='word_1_98' title='bbox 212 1767 308 1810; x_wconf 90' lang='lat' dir='ltr'><strong>suum</strong></span> <span class='ocrx_word' id='word_1_99' title='bbox 330 1742 462 1831; x_wconf 77' lang='grc' dir='ltr'><strong><em>γνήσιον</em></strong></span> <span class='ocrx_word' id='word_1_100' title='bbox 482 1747 615 1810; x_wconf 90' lang='lat' dir='ltr'><strong>Lutheri</strong></span> <span class='ocrx_word' id='word_1_101' title='bbox 647 1765 715 1809; x_wconf 91' lang='lat' dir='ltr'><strong>esse</strong></span> <span class='ocrx_word' id='word_1_102' title='bbox 746 1745 921 1807; x_wconf 86' lang='lat' dir='ltr'><strong>contendit.</strong></span> <span class='ocrx_word' id='word_1_103' title='bbox 979 1746 1152 1810; x_wconf 87' lang='lat' dir='ltr'><strong>Praelectio</strong></span> 
     </span>
     <span class='ocr_line' id='line_1_18' title="bbox 211 1833 1153 1915; baseline 0 -16"><span class='ocrx_word' id='word_1_104' title='bbox 211 1836 344 1900; x_wconf 85' lang='lat' dir='ltr'><strong>Lutheri</strong></span> <span class='ocrx_word' id='word_1_105' title='bbox 366 1836 479 1900; x_wconf 87' lang='lat' dir='ltr'><strong>habita</strong></span> <span class='ocrx_word' id='word_1_106' title='bbox 501 1842 550 1899; x_wconf 92' lang='lat' dir='ltr'><strong>est</strong></span> <span class='ocrx_word' id='word_1_107' title='bbox 571 1836 638 1898; x_wconf 91' lang='lat' dir='ltr'><strong>iam</strong></span> <span class='ocrx_word' id='word_1_108' title='bbox 655 1854 740 1897; x_wconf 89' lang='lat' dir='ltr'><strong>anno</strong></span> <span class='ocrx_word' id='word_1_109' title='bbox 755 1834 940 1896; x_wconf 91' lang='lat' dir='ltr'>MDXXIV.</span> <span class='ocrx_word' id='word_1_110' title='bbox 966 1833 1153 1915; x_wconf 80' lang='lat' dir='ltr'><strong>Crucigerus</strong></span> 
     </span>
     <span class='ocr_line' id='line_1_19' title="bbox 212 1922 1153 2004; baseline 0 -16"><span class='ocrx_word' id='word_1_111' title='bbox 212 1926 319 1988; x_wconf 91' lang='lat' dir='ltr'><strong>adhuc</strong></span> <span class='ocrx_word' id='word_1_112' title='bbox 342 1925 604 2004; x_wconf 89' lang='lat' dir='ltr'><strong>Vuittembergae</strong></span> <span class='ocrx_word' id='word_1_113' title='bbox 634 1923 707 1986; x_wconf 87' lang='lat' dir='ltr'><strong>fuit</strong></span> <span class='ocrx_word' id='word_1_114' title='bbox 760 1923 886 1986; x_wconf 90' lang='lat' dir='ltr'><strong>Hoseae</strong></span> <span class='ocrx_word' id='word_1_115' title='bbox 914 1922 1086 2004; x_wconf 83' lang='lat' dir='ltr'><strong>descriptio</strong></span> <span class='ocrx_word' id='word_1_116' title='bbox 1117 1925 1153 1988; x_wconf 90' lang='lat' dir='ltr'><strong>in</strong></span> 
     </span>
     <span class='ocr_line' id='line_1_20' title="bbox 210 2011 1152 2095; baseline 0.001 -19"><span class='ocrx_word' id='word_1_117' title='bbox 210 2015 328 2077; x_wconf 85' lang='lat' dir='ltr'><strong>scholis</strong></span> <span class='ocrx_word' id='word_1_118' title='bbox 351 2014 489 2095; x_wconf 80' lang='lat' dir='ltr'><strong>publicis</strong></span> <span class='ocrx_word' id='word_1_119' title='bbox 511 2014 665 2076; x_wconf 89' lang='lat' dir='ltr'><strong>ultimum</strong></span> <span class='ocrx_word' id='word_1_120' title='bbox 688 2031 770 2093; x_wconf 88' lang='lat' dir='ltr'><strong>opus</strong></span> <span class='ocrx_word' id='word_1_121' title='bbox 786 2011 947 2090; x_wconf 81' lang='lat' dir='ltr'><strong>Orucigeri</strong></span> <span class='ocrx_word' id='word_1_122' title='bbox 969 2012 1033 2074; x_wconf 91' lang='lat' dir='ltr'><strong>fuit</strong></span> <span class='ocrx_word' id='word_1_123' title='bbox 1051 2015 1152 2094; x_wconf 89' lang='lat' dir='ltr'><strong>prius·</strong></span> 
     </span>
     <span class='ocr_line' id='line_1_21' title="bbox 212 2099 1153 2183; baseline 0.001 -17"><span class='ocrx_word' id='word_1_124' title='bbox 212 2124 311 2183; x_wconf 88' lang='lat' dir='ltr'><strong>quam</strong></span> <span class='ocrx_word' id='word_1_125' title='bbox 326 2102 579 2183; x_wconf 88' lang='lat' dir='ltr'><strong>Magdeburgam</strong></span> <span class='ocrx_word' id='word_1_126' title='bbox 602 2101 713 2165; x_wconf 86' lang='lat' dir='ltr'><strong>adiret.</strong></span> <span class='ocrx_word' id='word_1_127' title='bbox 760 2099 884 2163; x_wconf 85' lang='lat' dir='ltr'><strong>Eadem</strong></span> <span class='ocrx_word' id='word_1_128' title='bbox 907 2101 1087 2182; x_wconf 88' lang='lat' dir='ltr'><strong>praelectio,</strong></span> <span class='ocrx_word' id='word_1_129' title='bbox 1113 2103 1153 2167; x_wconf 90' lang='lat' dir='ltr'><strong>de</strong></span> 
     </span>
    </p>
   </div>
   <div class='ocr_carea' id='block_1_5' title="bbox 1286 1201 1288 2099">
    <p class='ocr_par' dir='ltr' id='par_1_5' title="bbox 1286 1201 1288 2099">
     <span class='ocr_line' id='line_1_22' title="bbox 1286 1201 1288 2099; baseline 0 0"><span class='ocrx_word' id='word_1_130' title='bbox 1286 1201 1288 2099; x_wconf 95' lang='lat' dir='ltr'><strong> </strong></span> 
     </span>
    </p>
   </div>
   <div class='ocr_carea' id='block_1_6' title="bbox 211 2190 1261 2271">
    <p class='ocr_par' dir='ltr' id='par_1_6' title="bbox 211 2190 1261 2271">
     <span class='ocr_line' id='line_1_23' title="bbox 211 2190 1261 2271; baseline 0.006 -18"><span class='ocrx_word' id='word_1_131' title='bbox 211 2212 278 2271; x_wconf 89' lang='lat' dir='ltr'><strong>qua</strong></span> <span class='ocrx_word' id='word_1_132' title='bbox 299 2192 470 2271; x_wconf 91' lang='lat' dir='ltr'><strong>loquimur,</strong></span> <span class='ocrx_word' id='word_1_133' title='bbox 495 2198 544 2254; x_wconf 92' lang='lat' dir='ltr'><strong>est</strong></span> <span class='ocrx_word' id='word_1_134' title='bbox 565 2197 663 2271; x_wconf 85' lang='lat' dir='ltr'><strong>atque</strong></span> <span class='ocrx_word' id='word_1_135' title='bbox 684 2191 749 2267; x_wconf 89' lang='lat' dir='ltr'><strong>illa,</strong></span> <span class='ocrx_word' id='word_1_136' title='bbox 773 2190 813 2252; x_wconf 87' lang='lat' dir='ltr'><strong>de</strong></span> <span class='ocrx_word' id='word_1_137' title='bbox 837 2210 903 2270; x_wconf 88' lang='lat' dir='ltr'><strong>qua</strong></span> <span class='ocrx_word' id='word_1_138' title='bbox 919 2194 1152 2269; x_wconf 85' lang='lat' dir='ltr'><strong>commentarii,</strong></span> <span class='ocrx_word' id='word_1_139' title='bbox 1250 2221 1261 2243; x_wconf 45' lang='lat' dir='ltr'><strong>s</strong></span> 
     </span>
    </p>
   </div>
   <div class='ocr_carea' id='block_1_7' title="bbox 152 2279 1156 3781">
    <p class='ocr_par' dir='ltr' id='par_1_7' title="bbox 152 2279 1155 3160">
     <span class='ocr_line' id='line_1_24' title="bbox 210 2279 1154 2361; baseline 0.004 -20"><span class='ocrx_word' id='word_1_140' title='bbox 210 2299 293 2359; x_wconf 90' lang='lat' dir='ltr'><strong>quos</strong></span> <span class='ocrx_word' id='word_1_141' title='bbox 315 2280 420 2361; x_wconf 92' lang='lat' dir='ltr'><strong>primo</strong></span> <span class='ocrx_word' id='word_1_142' title='bbox 443 2286 476 2343; x_wconf 93' lang='lat' dir='ltr'><strong>et</strong></span> <span class='ocrx_word' id='word_1_143' title='bbox 498 2280 639 2343; x_wconf 89' lang='lat' dir='ltr'><strong>secundo</strong></span> <span class='ocrx_word' id='word_1_144' title='bbox 661 2279 731 2342; x_wconf 94' lang='lat' dir='ltr'><strong>loco</strong></span> <span class='ocrx_word' id='word_1_145' title='bbox 753 2280 789 2341; x_wconf 91' lang='lat' dir='ltr'><strong>in</strong></span> <span class='ocrx_word' id='word_1_146' title='bbox 812 2286 955 2343; x_wconf 87' lang='lat' dir='ltr'><strong>nostram</strong></span> <span class='ocrx_word' id='word_1_147' title='bbox 977 2279 1154 2345; x_wconf 89' lang='lat' dir='ltr'><strong>editionem</strong></span> 
     </span>
     <span class='ocr_line' id='line_1_25' title="bbox 152 2368 1154 2451; baseline 0.005 -22"><span class='ocrx_word' id='word_1_148' title='bbox 152 2399 157 2429; x_wconf 80' lang='lat' dir='ltr'><strong>l</strong></span> <span class='ocrx_word' id='word_1_149' title='bbox 212 2369 400 2451; x_wconf 87' lang='lat' dir='ltr'><strong>recepimus,</strong></span> <span class='ocrx_word' id='word_1_150' title='bbox 413 2374 580 2433; x_wconf 81' lang='lat' dir='ltr'><strong>testantm.</strong></span> <span class='ocrx_word' id='word_1_151' title='bbox 604 2368 763 2431; x_wconf 89' lang='lat' dir='ltr'><strong>Videmus</strong></span> <span class='ocrx_word' id='word_1_152' title='bbox 775 2368 937 2447; x_wconf 91' lang='lat' dir='ltr'><strong>quomodo</strong></span> <span class='ocrx_word' id='word_1_153' title='bbox 949 2374 982 2431; x_wconf 92' lang='lat' dir='ltr'><strong>et</strong></span> <span class='ocrx_word' id='word_1_154' title='bbox 992 2378 1154 2448; x_wconf 88' lang='lat' dir='ltr'><strong>quantum</strong></span> 
     </span>
     <span class='ocr_line' id='line_1_26' title="bbox 210 2456 1154 2538; baseline 0.001 -17"><span class='ocrx_word' id='word_1_155' title='bbox 210 2459 309 2521; x_wconf 87' lang='lat' dir='ltr'><strong>verba</strong></span> <span class='ocrx_word' id='word_1_156' title='bbox 330 2458 476 2538; x_wconf 85' lang='lat' dir='ltr'><strong>magistri</strong></span> <span class='ocrx_word' id='word_1_157' title='bbox 503 2478 522 2519; x_wconf 87' lang='lat' dir='ltr'><strong>a</strong></span> <span class='ocrx_word' id='word_1_158' title='bbox 549 2457 655 2522; x_wconf 83' lang='lat' dir='ltr'><strong>verbis</strong></span> <span class='ocrx_word' id='word_1_159' title='bbox 681 2456 832 2538; x_wconf 90' lang='lat' dir='ltr'><strong>discipuli</strong></span> <span class='ocrx_word' id='word_1_160' title='bbox 862 2457 1028 2534; x_wconf 87' lang='lat' dir='ltr'><strong>differunt,</strong></span> <span class='ocrx_word' id='word_1_161' title='bbox 1059 2459 1154 2522; x_wconf 85' lang='lat' dir='ltr'><strong>facile</strong></span> 
     </span>
     <span class='ocr_line' id='line_1_27' title="bbox 211 2546 1155 2627; baseline 0.003 -18"><span class='ocrx_word' id='word_1_162' title='bbox 211 2567 286 2609; x_wconf 88' lang='lat' dir='ltr'><strong>vero</strong></span> <span class='ocrx_word' id='word_1_163' title='bbox 320 2547 530 2627; x_wconf 88' lang='lat' dir='ltr'><strong>intelligimus</strong></span> <span class='ocrx_word' id='word_1_164' title='bbox 564 2546 764 2609; x_wconf 88' lang='lat' dir='ltr'><strong>conferentes</strong></span> <span class='ocrx_word' id='word_1_165' title='bbox 802 2564 904 2607; x_wconf 87' lang='lat' dir='ltr'><strong>unam</strong></span> <span class='ocrx_word' id='word_1_166' title='bbox 945 2566 1020 2608; x_wconf 91' lang='lat' dir='ltr'><strong>cum</strong></span> <span class='ocrx_word' id='word_1_167' title='bbox 1054 2548 1155 2611; x_wconf 87' lang='lat' dir='ltr'><strong>altera</strong></span> 
     </span>
     <span class='ocr_line' id='line_1_28' title="bbox 211 2634 1152 2716; baseline 0.005 -20"><span class='ocrx_word' id='word_1_168' title='bbox 211 2636 436 2716; x_wconf 86' lang='lat' dir='ltr'><strong>descriptione,</strong></span> <span class='ocrx_word' id='word_1_169' title='bbox 452 2636 631 2699; x_wconf 88' lang='lat' dir='ltr'><strong>Lutherum</strong></span> <span class='ocrx_word' id='word_1_170' title='bbox 650 2654 717 2697; x_wconf 91' lang='lat' dir='ltr'><strong>non</strong></span> <span class='ocrx_word' id='word_1_171' title='bbox 731 2634 783 2697; x_wconf 89' lang='lat' dir='ltr'><strong>bis</strong></span> <span class='ocrx_word' id='word_1_172' title='bbox 797 2635 940 2698; x_wconf 87' lang='lat' dir='ltr'><strong>Hoseam</strong></span> <span class='ocrx_word' id='word_1_173' title='bbox 956 2638 1152 2713; x_wconf 86' lang='lat' dir='ltr'><strong>tractavisse,</strong></span> 
     </span>
     <span class='ocr_line' id='line_1_29' title="bbox 211 2721 1154 2788; baseline 0.003 -3"><span class='ocrx_word' id='word_1_174' title='bbox 211 2723 269 2786; x_wconf 88' lang='lat' dir='ltr'><strong>sed</strong></span> <span class='ocrx_word' id='word_1_175' title='bbox 298 2724 368 2785; x_wconf 88' lang='lat' dir='ltr'><strong>Viti</strong></span> <span class='ocrx_word' id='word_1_176' title='bbox 401 2725 669 2785; x_wconf 87' lang='lat' dir='ltr'><strong>commentarium</strong></span> <span class='ocrx_word' id='word_1_177' title='bbox 704 2743 745 2785; x_wconf 90' lang='lat' dir='ltr'><strong>ex</strong></span> <span class='ocrx_word' id='word_1_178' title='bbox 777 2721 894 2786; x_wconf 86' lang='lat' dir='ltr'><strong>iisdem</strong></span> <span class='ocrx_word' id='word_1_179' title='bbox 928 2724 1055 2787; x_wconf 87' lang='lat' dir='ltr'><strong>schedis</strong></span> <span class='ocrx_word' id='word_1_180' title='bbox 1090 2727 1154 2788; x_wconf 87' lang='lat' dir='ltr'><strong>sibi</strong></span> 
     </span>
     <span class='ocr_line' id='line_1_30' title="bbox 210 2812 1154 2893; baseline 0.003 -19"><span class='ocrx_word' id='word_1_181' title='bbox 210 2812 384 2893; x_wconf 86' lang='lat' dir='ltr'><strong>propositis</strong></span> <span class='ocrx_word' id='word_1_182' title='bbox 407 2812 616 2892; x_wconf 89' lang='lat' dir='ltr'><strong>desumptum</strong></span> <span class='ocrx_word' id='word_1_183' title='bbox 643 2831 728 2889; x_wconf 88' lang='lat' dir='ltr'><strong>esse,</strong></span> <span class='ocrx_word' id='word_1_184' title='bbox 761 2832 899 2891; x_wconf 89' lang='lat' dir='ltr'><strong>quarum</strong></span> <span class='ocrx_word' id='word_1_185' title='bbox 927 2813 1087 2877; x_wconf 86' lang='lat' dir='ltr'><strong>habemus</strong></span> <span class='ocrx_word' id='word_1_186' title='bbox 1117 2815 1154 2877; x_wconf 87' lang='lat' dir='ltr'><strong>in</strong></span> 
     </span>
     <span class='ocr_line' id='line_1_31' title="bbox 211 2900 1155 2983; baseline 0.003 -20"><span class='ocrx_word' id='word_1_187' title='bbox 211 2900 371 2982; x_wconf 89' lang='lat' dir='ltr'><strong>prioribus</strong></span> <span class='ocrx_word' id='word_1_188' title='bbox 419 2901 743 2964; x_wconf 85' lang='lat' dir='ltr'><strong>commentationibus</strong></span> <span class='ocrx_word' id='word_1_189' title='bbox 785 2901 971 2983; x_wconf 85' lang='lat' dir='ltr'><strong>exemplum</strong></span> <span class='ocrx_word' id='word_1_190' title='bbox 1015 2903 1155 2966; x_wconf 88' lang='lat' dir='ltr'><strong>alterum</strong></span> 
     </span>
     <span class='ocr_line' id='line_1_32' title="bbox 210 2988 1154 3072; baseline 0.002 -19"><span class='ocrx_word' id='word_1_191' title='bbox 210 2992 322 3053; x_wconf 82' lang='lat' dir='ltr'><strong>statim</strong></span> <span class='ocrx_word' id='word_1_192' title='bbox 354 2991 390 3053; x_wconf 92' lang='lat' dir='ltr'><strong>in</strong></span> <span class='ocrx_word' id='word_1_193' title='bbox 420 2988 580 3053; x_wconf 82' lang='lat' dir='ltr'><strong>auditorio</strong></span> <span class='ocrx_word' id='word_1_194' title='bbox 611 2996 783 3071; x_wconf 85' lang='lat' dir='ltr'><strong>exceptum</strong></span> <span class='ocrx_word' id='word_1_195' title='bbox 814 2990 1015 3070; x_wconf 82' lang='lat' dir='ltr'><strong>alterumque</strong></span> <span class='ocrx_word' id='word_1_196' title='bbox 1043 2993 1154 3072; x_wconf 88' lang='lat' dir='ltr'><strong>paullo</strong></span> 
     </span>
     <span class='ocr_line' id='line_1_33' title="bbox 209 3080 614 3160; baseline 0.002 -20"><span class='ocrx_word' id='word_1_197' title='bbox 209 3084 285 3159; x_wconf 91' lang='lat' dir='ltr'><strong>post</strong></span> <span class='ocrx_word' id='word_1_198' title='bbox 307 3080 393 3159; x_wconf 88' lang='lat' dir='ltr'><strong>typis</strong></span> <span class='ocrx_word' id='word_1_199' title='bbox 416 3098 614 3160; x_wconf 87' lang='lat' dir='ltr'><strong>expressum.</strong></span> 
     </span>
    </p>

    <p class='ocr_par' dir='ltr' id='par_1_8' title="bbox 208 3166 1156 3781">
     <span class='ocr_line' id='line_1_34' title="bbox 301 3166 1154 3247; baseline 0.005 -19"><span class='ocrx_word' id='word_1_200' title='bbox 301 3167 390 3229; x_wconf 83' lang='lat' dir='ltr'><strong>Folio</strong></span> <span class='ocrx_word' id='word_1_201' title='bbox 407 3168 471 3229; x_wconf 81' lang='lat'><strong>354</strong></span> <span class='ocrx_word' id='word_1_202' title='bbox 488 3168 606 3247; x_wconf 86' lang='lat' dir='ltr'><strong>(verso)</strong></span> <span class='ocrx_word' id='word_1_203' title='bbox 622 3167 768 3247; x_wconf 89' lang='lat' dir='ltr'><strong>sequitur</strong></span> <span class='ocrx_word' id='word_1_204' title='bbox 785 3166 887 3243; x_wconf 84' lang='lat' dir='ltr'><strong>‚Mart</strong></span> <span class='ocrx_word' id='word_1_205' title='bbox 904 3167 999 3230; x_wconf 88' lang='lat' dir='ltr'><strong>Luth.</strong></span> <span class='ocrx_word' id='word_1_206' title='bbox 1017 3167 1154 3232; x_wconf 89' lang='lat' dir='ltr'><strong>Additio</strong></span> 
     </span>
     <span class='ocr_line' id='line_1_35' title="bbox 208 3254 1156 3321; baseline 0.005 -5"><span class='ocrx_word' id='word_1_207' title='bbox 208 3255 246 3317; x_wconf 92' lang='lat' dir='ltr'><strong>in</strong></span> <span class='ocrx_word' id='word_1_208' title='bbox 279 3254 387 3318; x_wconf 91' lang='lat' dir='ltr'><strong>locum</strong></span> <span class='ocrx_word' id='word_1_209' title='bbox 421 3256 548 3319; x_wconf 87' lang='lat' dir='ltr'><strong>Hoseae</strong></span> <span class='ocrx_word' id='word_1_210' title='bbox 576 3277 623 3319; x_wconf 87' lang='lat' dir='ltr'><strong>ca.</strong></span> <span class='ocrx_word' id='word_1_211' title='bbox 650 3256 701 3318; x_wconf 86' lang='lat'><strong>13.</strong></span> <span class='ocrx_word' id='word_1_212' title='bbox 734 3256 797 3318; x_wconf 80' lang='lat' dir='ltr'><strong>Ero</strong></span> <span class='ocrx_word' id='word_1_213' title='bbox 826 3275 913 3318; x_wconf 87' lang='lat' dir='ltr'><strong>mors</strong></span> <span class='ocrx_word' id='word_1_214' title='bbox 944 3258 1015 3319; x_wconf 82' lang='lat' dir='ltr'><strong>etc‘</strong></span> <span class='ocrx_word' id='word_1_215' title='bbox 1062 3258 1156 3321; x_wconf 86' lang='lat' dir='ltr'><strong>Haec</strong></span> 
     </span>
     <span class='ocr_line' id='line_1_36' title="bbox 210 3338 1152 3428; baseline 0.004 -23"><span class='ocrx_word' id='word_1_216' title='bbox 210 3344 284 3407; x_wconf 88' lang='lat' dir='ltr'><strong>libri</strong></span> <span class='ocrx_word' id='word_1_217' title='bbox 298 3364 374 3425; x_wconf 87' lang='lat' dir='ltr'><strong>pars</strong></span> <span class='ocrx_word' id='word_1_218' title='bbox 389 3344 505 3407; x_wconf 86' lang='lat' dir='ltr'><strong>ultima</strong></span> <span class='ocrx_word' id='word_1_219' title='bbox 519 3364 600 3425; x_wconf 88' lang='lat' dir='ltr'><strong>opus</strong></span> <span class='ocrx_word' id='word_1_220' title='bbox 612 3364 685 3409; x_wconf 82' lang='lat' dir='ltr'><strong>vere</strong></span> <span class='ocrx_word' id='word_1_221' title='bbox 699 3338 827 3428; x_wconf 78' lang='grc' dir='ltr'><em>γνήσιον</em></span> <span class='ocrx_word' id='word_1_222' title='bbox 838 3345 973 3408; x_wconf 89' lang='lat' dir='ltr'><strong>Lutheri</strong></span> <span class='ocrx_word' id='word_1_223' title='bbox 987 3352 1044 3409; x_wconf 91' lang='lat' dir='ltr'><strong>est.</strong></span> <span class='ocrx_word' id='word_1_224' title='bbox 1070 3346 1152 3409; x_wconf 86' lang='lat' dir='ltr'><strong>Mih&#39;</strong></span> 
     </span>
     <span class='ocr_line' id='line_1_37' title="bbox 210 3432 1148 3513; baseline 0.003 -18"><span class='ocrx_word' id='word_1_225' title='bbox 210 3432 345 3512; x_wconf 89' lang='lat' dir='ltr'><strong>quidem</strong></span> <span class='ocrx_word' id='word_1_226' title='bbox 367 3438 506 3510; x_wconf 89' lang='lat' dir='ltr'><strong>constat,</strong></span> <span class='ocrx_word' id='word_1_227' title='bbox 530 3433 709 3496; x_wconf 87' lang='lat' dir='ltr'><strong>Lutherum</strong></span> <span class='ocrx_word' id='word_1_228' title='bbox 731 3434 817 3497; x_wconf 89' lang='lat' dir='ltr'><strong>hanc</strong></span> <span class='ocrx_word' id='word_1_229' title='bbox 839 3434 1148 3513; x_wconf 82' lang='lat' dir='ltr'><strong>argumentationem</strong></span> 
     </span>
     <span class='ocr_line' id='line_1_38' title="bbox 210 3521 1148 3604; baseline 0.004 -21"><span class='ocrx_word' id='word_1_230' title='bbox 210 3521 374 3585; x_wconf 89' lang='lat' dir='ltr'><strong>addidisse</strong></span> <span class='ocrx_word' id='word_1_231' title='bbox 397 3522 486 3604; x_wconf 85' lang='lat' dir='ltr'><strong>operi</strong></span> <span class='ocrx_word' id='word_1_232' title='bbox 509 3522 564 3585; x_wconf 92' lang='lat' dir='ltr'><strong>illo</strong></span> <span class='ocrx_word' id='word_1_233' title='bbox 586 3528 830 3603; x_wconf 79' lang='lat' dir='ltr'><strong>tempore,·quo</strong></span> <span class='ocrx_word' id='word_1_234' title='bbox 852 3522 949 3585; x_wconf 90' lang='lat' dir='ltr'><strong>Vitus</strong></span> <span class='ocrx_word' id='word_1_235' title='bbox 965 3523 1148 3587; x_wconf 78' lang='lat' dir='ltr'><strong>Theodorus</strong></span> 
     </span>
     <span class='ocr_line' id='line_1_39' title="bbox 210 3609 1147 3691; baseline 0.004 -22"><span class='ocrx_word' id='word_1_236' title='bbox 210 3609 275 3689; x_wconf 88' lang='lat' dir='ltr'><strong>ipsi</strong></span> <span class='ocrx_word' id='word_1_237' title='bbox 313 3611 580 3674; x_wconf 88' lang='lat' dir='ltr'><strong>commentarium</strong></span> <span class='ocrx_word' id='word_1_238' title='bbox 617 3612 709 3674; x_wconf 89' lang='lat' dir='ltr'><strong>misit</strong></span> <span class='ocrx_word' id='word_1_239' title='bbox 744 3611 1048 3691; x_wconf 88' lang='lat' dir='ltr'><strong>recognoscendum.</strong></span> <span class='ocrx_word' id='word_1_240' title='bbox 1111 3613 1147 3675; x_wconf 85' lang='lat' dir='ltr'><strong>Ni</strong></span> 
     </span>
     <span class='ocr_line' id='line_1_40' title="bbox 210 3697 1151 3781; baseline 0.005 -22"><span class='ocrx_word' id='word_1_241' title='bbox 210 3697 305 3759; x_wconf 81' lang='lat' dir='ltr'><strong>fallor</strong></span> <span class='ocrx_word' id='word_1_242' title='bbox 341 3706 568 3777; x_wconf 88' lang='lat' dir='ltr'><strong>argumentum</strong></span> <span class='ocrx_word' id='word_1_243' title='bbox 610 3700 675 3762; x_wconf 91' lang='lat' dir='ltr'><strong>fuit</strong></span> <span class='ocrx_word' id='word_1_244' title='bbox 716 3697 945 3781; x_wconf 88' lang='lat' dir='ltr'><strong>disputationis</strong></span> <span class='ocrx_word' id='word_1_245' title='bbox 983 3700 1151 3764; x_wconf 75' lang='lat' dir='ltr'><strong>erriusdarr</strong></span> 
     </span>
    </p>
   </div>
   <div class='ocr_carea' id='block_1_8' title="bbox 0 0 1292 4225">
    <p class='ocr_par' dir='ltr' id='par_1_9' title="bbox 0 0 1292 4225">
     <span class='ocr_line' id='line_1_41' title="bbox 0 0 1292 4225; baseline 0 0"><span class='ocrx_word' id='word_1_246' title='bbox 0 0 1292 4225; x_wconf 95' lang='lat' dir='ltr'><strong> </strong></span> 
     </span>
    </p>
   </div>
  </div>
 </body>
</html>
