2575 4225
429 261 509 317 ’,ΞΕ
1106 257 1319 338 Caput
1363 256 1627 320 tertium

429 437 505 497 :ul
593 433 968 498 traditiones
1058 439 1124 497 et
1211 434 1451 498 ventris
1521 432 1864 497 doctrinas,
2003 434 2316 516 Speciem

429 525 621 587 hahet
664 543 955 600 uvarum,
1005 522 1119 587 sed
1166 542 1394 586 succus
1435 541 1774 605 expressus
1805 529 1904 586 est
1931 529 1998 586 et
2027 524 2314 604 siliquae

425 633 497 673 2:121
505 625 577 673 nt
621 632 978 693 porcorum.
1071 612 1204 674 Alii
1257 632 1375 694 pro
1419 612 1589 677 vasis
1648 611 1785 675 vini
1840 612 2170 693 accipiunt
2227 620 2317 677 ut

425 722 680 781 qunque
728 707 977 765 constet
1019 701 1242 782 figura,
1290 720 1446 765 vasa
1489 720 1693 765 vacua
1736 705 1802 764 et
1846 701 2128 783 speciem
2158 700 2312 765 dili·

425 801 588 869 gunt
633 796 997 872 contempto
1041 792 1195 853 vino
1241 808 1390 853 vero
1436 796 1553 854 etc.

1171 1008 1178 1013 .
1204 950 1289 1014 Et
1335 945 1508 1013 fodi¹

429 1061 690 1118 rec-tius:
748 1056 971 1138 Pepigi
1016 1077 1192 1134 eam,
1231 1056 1326 1120 „id
1372 1063 1499 1122 est:
1548 1056 1775 1121 foedus
1823 1077 1973 1121 cum
2026 1076 2104 1120 ea
2155 1058 2307 1136 inii,

429 1145 694 1209 vfflwfflfi
740 1165 891 1209 cum
936 1165 1013 1208 ea
1055 1145 1262 1227 pretio
1308 1152 1385 1209 ut
1428 1151 1794 1228 expectaret
1849 1166 1952 1209 me
1998 1153 2064 1210 et
2107 1146 2308 1211 absti-

429 1241 601 1297 neret
649 1235 727 1298 ab
775 1234 1062 1298 adultero
1109 1241 1174 1298 et
1218 1234 1301 1297 ab
1348 1235 1475 1298 alio
1520 1235 1838 1315 coniugio.

1269 1395 1455 1476 Chor.

605 1501 975 1566 hebraicum
1033 1508 1192 1583 puto
1254 1501 1615 1581 significare
1672 1506 1927 1566 tantum
1983 1502 2306 1566 modium.

429 1593 545 1649 hm
593 1589 975 1653 vocabulum
1021 1610 1278 1673 quoque
1325 1592 1397 1654 in
1441 1590 1792 1671 evangelio.

684 1831 700 1836 ..
1174 1750 1344 1825 Quia
1388 1750 1546 1826 (fiee,

589 1856 875 1937 ,exponit
919 1858 1209 1938 figuram.

1170 2016 1519 2093 Sedebunt,
1531 2010 1558 2048 ²

433 2134 533 2202 put
549 2126 641 2186 ius
686 2124 1045 2188 manebunt

1151 2282 1271 2345 filii
1316 2283 1580 2351 Israhel.

605 2390 750 2453 Non
780 2410 928 2470 ergo
957 2389 1243 2471 loquitur
1272 2389 1355 2451 de
1385 2389 1758 2471 captivitate
1801 2388 1984 2465 Iuda,
2034 2394 2098 2452 et
2126 2409 2308 2470 prae-

429 2494 601 2542 terea
667 2479 804 2543 sine
861 2499 1008 2559 rege
1027 2529 1041 2556 ,
1113 2499 1246 2541 non
1315 2479 1616 2542 convenit
1681 2478 1900 2541 Iudae.
2016 2478 2102 2540 Et
2168 2498 2312 2541 non

429 2570 573 2646 loqu
585 2570 711 2631 itur
771 2567 854 2630 de
909 2566 1123 2649 ephod
1179 2587 1219 2630 a
1263 2567 1385 2630 deo
1442 2567 1741 2631 instituto
1804 2566 1979 2648 quod
2040 2570 2175 2628 erat
2233 2567 2312 2630 in

429 2657 806 2734 Ierusalem,
877 2656 990 2720 sed
1037 2657 1118 2720 de
1163 2677 1338 2736 rege,
1410 2655 1749 2732 sacrificio,
1820 2654 2033 2736 ephod
2051 2705 2065 2732 ,
2137 2674 2311 2735 quae

429 2766 715 2807 scorsum
772 2752 955 2810 erant
1006 2745 1078 2810 in
1129 2746 1406 2822 Israhel,
1478 2765 1613 2809 non
1670 2743 2029 2809 secundum
2084 2742 2306 2806 deum.

429 2838 577 2894 Huc
621 2835 900 2914 pertinet
953 2834 1128 2914 quod
1173 2835 1335 2898 dicit
1380 2827 1764 2916 Teraphim⁸
1810 2852 1993 2913 quae
2019 2893 2023 2897 ,
2048 2833 2307 2914 proprie

429 2926 793 3002 significant
851 2923 1193 3004 imagines,
1279 2930 1355 2988 ut
1425 2924 1507 2986 de
1570 2922 1759 2986 idolis
1826 2922 2065 2984 Rachel
2121 2921 2303 3000 legiS,

429 3014 495 3074 id
533 3011 704 3090 quod
733 3011 932 3076 Iudae
978 3033 1112 3075 non
1143 3013 1459 3089 convenit,
1510 3013 1622 3075 sed
1651 3010 1969 3090 imagines
2000 3008 2307 3072 Israhelis

430 3122 493 3159 v]
477 3102 660 3163 'talos
706 3120 928 3166 aureos
973 3102 1076 3165 vel
1121 3092 1248 3165 alia
1293 3062 1613 3181 significat
1642 3120 1808 3180 quae
1840 3119 1973 3162 non
2001 3099 2308 3178 leguntur

429 3210 469 3250 a
501 3190 617 3250 [les
649 3188 1005 3253 instituta.
1055 3189 1230 3254 Dicit
1275 3210 1452 3269 ergo:
1502 3190 1722 3252 omnia
1760 3193 1971 3253 vestra
1999 3187 2309 3299 peribunt

429 3298 593 3358 quas
641 3296 815 3339 nunc
860 3277 1148 3341 erexistis
1195 3278 1491 3396 religioso
1539 3279 1734 3400 (51111111.

970 3409 1007 3428 ἰ
1092 3438 1179 3501 Et
1220 3443 1371 3518 post
1411 3431 1632 3501 haec.4

609 3514 974 3608 Necessario
1028 3544 1153 3607 hoc
1206 3543 1513 3624 intelligis
1560 3513 1806 3608 factum
1850 3548 1999 3626 post
2042 3541 2304 3674 captivi-

616 3737 665 3802 1)
689 3754 742 3791 v.
768 3736 818 3789 2.
871 3735 928 3803 2)
959 3754 1013 3793 v.
1041 3734 1092 3790 4.
1154 3734 1210 3802 3)
1243 3735 1458 3804 Incipit
1476 3737 1570 3791 fol.
1593 3735 1714 3790 111.
1734 3737 1800 3790 Β.
1820 3733 2024 3790 MSGi.
2071 3732 2129 3801 4)
2166 3751 2220 3788 v.
2249 3733 2301 3788 5.
