2575 4225
226 285 293 350 474
443 337 446 341 ,
475 287 579 367 Caput
601 286 733 349 tertium
756 283 921 348 decimum

315 466 458 527 Pertinet
494 464 593 542 igitur
629 464 799 544 prophetia
836 463 915 526 haee
953 461 995 524 ad
1033 484 1167 544 synago·
1275 439 1277 514 l

226 548 336 635 gam‚¹
363 572 445 632 quae
469 553 633 614 Christum
662 554 815 616 victorem
843 553 956 615 mortis
986 556 1019 614 et
1047 555 1169 616 inferni
1273 547 1277 598 l

225 643 331 705 noluit
352 660 535 721 agnoscere,
564 641 631 703 imo
654 647 811 721 tanquam
834 641 970 703 Satanae
994 641 1100 704 filium
1123 643 1166 704 af·
1275 643 1277 706 †

224 730 297 794 fixit
319 729 406 793 cruci
428 735 461 792 et
482 729 608 792 occidit.
656 729 745 792 Sicut
767 730 854 792 enim
877 750 975 810 supra
990 729 1076 793 dixit
1091 751 1166 794 eum

224 821 328 882 facere
359 820 501 881 fructum
528 820 613 882 inter
639 819 766 895 fratres,
795 819 857 881 hoc
885 824 947 895 est,
978 839 1105 883 servare
1137 828 1168 884 et

224 910 346 972 salvare
369 927 433 983 eos,
458 907 516 988 qui
538 908 674 971 credunt
696 928 729 970 se
753 913 883 988 propter
904 909 1013 988 ipsum
1037 929 1106 972 esse
1132 911 1166 971 in
1275 917 1277 938 ¹

122 1040 129 1053 ι
224 998 327 1077 gratia
360 1002 393 1059 et
421 997 503 1060 filios
532 996 593 1059 dei.
639 998 691 1059 Ita
717 998 771 1058 hic
801 996 841 1058 de
875 996 1041 1059 incredula
1075 1005 1166 1080 parte

224 1087 317 1162 dicit,
347 1088 507 1162 futurum,
543 1086 699 1165 quoniam
722 1081 930 1149 salvatorem*
951 1086 1040 1149 huno
1062 1088 1167 1150 nolint

224 1177 377 1256 accipere,
401 1181 440 1237 nt
460 1180 595 1255 pereant
616 1176 755 1255 penitus,
780 1180 813 1236 et
835 1175 986 1237 amittant
1005 1176 1166 1256 quidquid

222 1265 379 1328 hactenus
402 1265 586 1327 habuerunt
608 1264 693 1325 inter
715 1283 828 1326 omnes
851 1263 949 1326 totius
977 1264 1064 1328 orbis
1092 1285 1165 1346 gen·

223 1358 272 1415 tes
295 1353 462 1415 eximium.
703 1404 704 1414 ,
798 1427 799 1430 ¹

313 1443 427 1521 Itaque
458 1442 628 1504 thesaurus
663 1447 695 1504 et
728 1461 820 1504 vasa>
839 1441 1065 1504 desiderabilia
1100 1464 1167 1506 non

224 1537 301 1592 eunt
323 1535 474 1609 argentea
495 1531 546 1592 vel
574 1550 671 1591 aurea
699 1550 788 1606 vasa,
820 1531 876 1593 sed
906 1536 1081 1610 augustum
1112 1554 1165 1596 no·

223 1638 309 1695 men,
334 1619 421 1698 quod
436 1618 626 1682 dicebantur
640 1620 780 1700 populus
796 1619 857 1696 dei,
880 1619 967 1699 quod
983 1621 1058 1682 solis
1075 1628 1167 1684 erant

223 1708 345 1770 credita
367 1708 495 1770 oracula
517 1707 584 1783 dei,
613 1708 701 1787 quod
724 1714 833 1771 essent
856 1729 896 1770 ex
919 1715 1030 1771 saneta
1053 1731 1166 1791 propa·

223 1797 298 1877 gine
321 1803 450 1879 patrum
473 1798 551 1873 nati,
576 1796 664 1877 quod
686 1797 842 1860 haberent
865 1797 1032 1860 ecclesiam
1056 1804 1088 1860 et
1104 1800 1166 1862 cul·

223 1892 295 1948 tum
329 1886 484 1949 divinitus
517 1887 714 1949 institutum.
760 1887 822 1948 His
856 1887 955 1949 tantis
990 1887 1085 1950 donis
1120 1889 1167 1951 sic

223 1981 301 2038 eunt
314 1976 465 2056 spoliati,
489 1981 527 2038 ut
548 1975 585 2036 in
606 1976 743 2054 caligine
765 1973 958 2038 densissima
981 1983 1101 2053 errent,
1134 1983 1168 2040 et

223 2064 307 2127 siout
332 2065 476 2145 psalmus
503 2057 683 2127 minatur:²
714 2064 828 2126 Mensa
858 2066 983 2142 eorum,
1013 2065 1076 2129 hoc
1105 2071 1164 2143 est,

222 2154 323 2215 Mosis
350 2161 383 2216 et
412 2154 643 2235 prophetarum
671 2153 812 2229 oracula,
847 2173 930 2233 quae
959 2154 1048 2216 viam
1078 2156 1166 2217 vitae
1204 2184 1208 2188 ·

222 2242 385 2322 pandunt,
421 2249 454 2305 et
481 2243 618 2305 afflictas
646 2248 771 2305 mentes
800 2242 868 2304 sola
901 2242 1059 2305 consolari
1093 2264 1166 2326 pos·

222 2337 307 2407 sunt,
332 2332 378 2393 eis
397 2332 440 2394 sit
462 2331 498 2393 in
518 2332 682 2411 laqueum.
728 2332 830 2393 Alunt
852 2331 940 2393 enim
963 2332 1077 2394 odiuin
1099 2332 1163 2411 dei,

221 2421 409 2484 caecitatem
443 2426 476 2483 et
509 2420 752 2483 damnationem
786 2440 879 2483 suam
913 2420 1008 2500 impii
1037 2421 1163 2497 Iudaei,

222 2528 297 2570 cum
313 2529 402 2571 sacra
422 2510 543 2589 legunt,
565 2528 603 2571 ac
617 2508 825 2572 involvuntur
840 2509 935 2573 altius
951 2511 987 2571 in
1001 2510 1163 2573 tenebras.

220 2598 293 2660 Hoc
315 2618 387 2660 vere
410 2604 459 2660 est
481 2598 624 2659 exicoare
647 2604 830 2673 venam‚=et
852 2598 1010 2660 arefacere
1025 2598 1162 2661 fontem.

310 2688 358 2747 Ac
380 2686 541 2747 fecithoc
565 2686 716 2747 dominus
748 2704 789 2748 ex
817 2686 942 2758 deserto
973 2686 1172 2764 ascendens„

220 2778 377 2851 tanquam
410 2778 526 2835 ventus
558 2773 707 2852 affligens
741 2774 840 2837 laetas
875 2781 1007 2855 segetes.
1053 2776 1164 2839 Poena
1233 2836 1237 2843 .

220 2862 310 2924 enim
332 2862 412 2923 haec
434 2882 492 2944 per
506 2862 668 2925 Romanos
684 2862 839 2926 divinitus
856 2864 1019 2940 excitatos,
1044 2866 1161 2947 eoepit,

220 2951 305 3013 siout
327 2951 471 3014 Christus
494 2951 573 3014 dicit
594 2952 671 3013 Luc.
699 2945 769 3014 19.3
818 2952 913 3015 Fient
941 2960 1050 3016 autem
1080 2955 1163 3017 haec
1273 2992 1277 3017 t

220 3040 290 3114 tibi,
318 3040 396 3119 qnia
418 3045 546 3121 tempus
568 3040 760 3104 visitationis
783 3046 858 3103 tuae
881 3062 948 3104 non
971 3042 1162 3122 cognovisti.
1271 3110 1277 3134 .

219 3129 310 3190 Haec
332 3129 429 3191 huius
451 3130 514 3192 loci
535 3149 610 3191 vera
632 3134 664 3191 et
686 3129 815 3210 propria
838 3132 998 3194 sententia
1028 3136 1090 3207 est,
1123 3152 1164 3195 ac
1267 3144 1277 3212 ς·

220 3218 385 3298 aptissime
409 3218 556 3281 cohaeret
578 3237 653 3280 oum
676 3217 950 3299 praecedentibus.
997 3220 1092 3283 Nunc
1115 3240 1162 3283 se·
1271 3226 1277 3254 ³

141 3318 147 3324 '
219 3307 330 3386 quitur
352 3306 416 3367 alia
438 3325 522 3369 nova
544 3306 670 3382 concio,
698 3306 807 3387 itaque
835 3327 957 3371 novum
986 3314 1086 3389 eaput
1113 3310 1163 3372 ibi
1272 3388 1277 3403 „

219 3395 391 3459 ordiemur.
1273 3404 1277 3431 ”³

309 3605 336 3674 1)
356 3606 519 3674 Synagogae
536 3605 680 3660 interitus.
717 3604 745 3673 2)
764 3605 838 3660 Psal.
858 3606 900 3659 99.
936 3605 965 3673 3)
985 3606 1055 3660 Luc.
1075 3605 1118 3660 19.

309 3763 333 3831 ⁶)
353 3764 389 3816 In
406 3780 495 3831 marg.
514 3766 576 3818 coll.
595 3766 668 3819 Ien.:
687 3766 763 3820 Vera
781 3765 836 3819 loci
854 3766 1006 3819 sententia.
