2575 4225
420 298 544 355 23:42]
1030 345 1037 355 .
1093 291 1305 373 Caput
1350 295 1609 354 sextum

416 471 912 552 ..lffissriptionem
956 470 1081 533 hoc
1124 470 1197 532 in
1239 469 1382 532 loco
1428 488 1586 545 esse,
1612 467 1706 530 'id
1749 471 2157 549 comparatur
2186 466 2291 530 do·

416 563 492 619 1:11
508 580 646 621 wae.
659 553 684 592 ¹
785 559 871 621 Et
915 558 1205 623 doctores
1250 557 1665 621 ecclesiarum
1707 577 1853 621 vere
1897 556 2064 619 nihil
2119 555 2292 618 aliud

420 651 480 707 1²11
488 651 691 724 ciunt,
756 666 907 711 cum
951 647 1244 710 officium
1288 647 1539 711 faciunt
1552 697 1566 724 ,
1628 666 1828 726 quam
1869 651 1947 709 ut
1997 645 2293 708 homines

416 759 530 799 [ssu
580 736 764 799 rudia
820 740 887 799 et
937 735 1187 799 nodosa
1239 735 1423 815 ligna
1476 734 1781 799 dedolent
1798 784 1814 811 ,
1882 740 1949 797 et
2001 752 2294 798 verrucas

420 830 774 907 amputent.
865 824 1046 890 Sicut
1088 825 1267 888 enim
1310 826 1564 904 lignum
1608 831 1777 888 terra
1820 828 2048 886 natum
2101 823 2296 885 nullis

422 915 641 977 usibus
697 919 927 996 aptum
984 920 1112 991 est,
1171 914 1285 978 sed
1340 920 1688 996 postquam
1740 912 1900 975 nodi
1954 912 2293 993 amputati,

420 1011 635 1065 vortex
676 1004 963 1079 abrasus,
1012 1009 1079 1067 et
1122 1003 1330 1066 securi
1359 1003 1666 1084 primum,
1715 1007 1863 1083 post
1891 1000 2159 1064 dolabra
2186 1008 2299 1063 aut

420 1095 560 1155 ediis
605 1092 1051 1155 instrumentis
1094 1092 1449 1173 levigatum
1492 1098 1619 1167 est,
1667 1090 1860 1155 variis
1905 1088 2130 1153 usibus
2176 1108 2299 1152 ser-

424 1183 548 1243 vire
596 1187 827 1262 potest.
917 1182 1021 1245 Ita
1063 1180 1361 1245 videmus
1405 1180 1616 1242 multa
1657 1180 1730 1243 in
1772 1178 2148 1242 hominibus
2211 1178 2300 1241 vi-

420 1271 592 1331 rinen-
635 1290 791 1346 esse,
841 1289 1007 1350 quae
1052 1289 1170 1351 per
1210 1270 1483 1334 verbum
1527 1267 1874 1332 resecanda
1919 1273 2091 1332 sunt.
2183 1268 2299 1328 De-

428 1359 643 1421 mrmis
689 1357 899 1421 nodus
944 1365 1044 1421 est
1088 1358 1380 1434 avaricia,
1427 1358 1598 1420 hanc
1643 1376 1794 1420 cum
1839 1355 2081 1418 doctor.
2103 1355 2176 1417 in
2206 1375 2300 1418 ec-

420 1447 612 1507 rhffsia
657 1446 845 1509 docet
888 1445 1293 1526 fugiendam,
1349 1465 1502 1509 cum
1546 1445 1831 1509 ostendit
1872 1464 2114 1526 poenas
2161 1464 2302 1526 pro-

424 1535 658 1611 1;·;·sitas
705 1533 911 1598 avaris
929 1584 944 1611 ‚
1007 1534 1248 1598 alicubi
1287 1534 1577 1599 inveniet
1592 1584 1607 1611 ‚
1654 1535 1770 1614 qui
1815 1532 2176 1614 poenitebit
2218 1533 2302 1596 de

420 1623 698 1686 admisso
742 1623 866 1687 hoc
910 1628 1190 1704 peccat0,
1239 1627 1307 1687 et
1351 1624 1622 1705 posthac
1651 1622 1778 1686 sibi
1807 1621 2077 1687 cavebit.
2154 1622 2303 1685 Non

420 1715 596 1771 enim
641 1712 911 1775 verbum
954 1712 1193 1776 redibit
1235 1732 1516 1775 vacuum
1575 1711 1660 1775 ad
1715 1731 1868 1774 eum
1927 1711 2042 1791 qui
2096 1710 2300 1774 misit.

420 1803 602 1863 mom
662 1800 744 1864 de
800 1800 1064 1882 reliquis
1118 1800 1302 1865 viciis
1357 1801 1457 1877 fit,
1529 1801 1586 1865 si
1653 1799 1971 1880 contingit
2035 1798 2301 1864 sedulus

428 1891 700 1954 ηῙῌῙΕΙῶΟῘᾸ

440 2013 468 2046 ³
520 2014 839 2077 standum
884 2020 981 2077 est
1011 2021 1262 2091 autem,
1313 2013 1487 2093 quod
1533 2034 1666 2076 non
1711 2011 1870 2076 dicit
1890 2062 1904 2089 ‚
1951 2013 2303 2095 prophetas

556 2122 690 2166 esse
737 2102 853 2183 qui
898 2101 1202 2167 dedolent
1253 2102 1498 2166 nodosa
1552 2102 1760 2183 ligna,
1822 2102 1948 2166 hoc
2003 2108 2127 2180 est,
2189 2102 2308 2182 qui

424 2192 500 2252 mtl
564 2191 1029 2272 poenitentiam
1086 2198 1386 2256 revocent
1437 2197 1801 2273 peccatores
1816 2241 1830 2268 ,
1901 2190 2019 2254 sed
2084 2192 2308 2273 ipsum

420 2280 633 2342 deum.
730 2281 895 2360 Ege,
957 2280 1173 2360 inquit
1188 2330 1202 2356 ‚
1262 2280 1480 2345 dolavi
1523 2301 1639 2362 per
1682 2280 2050 2362 prophetas,
2145 2281 2307 2343 Vult

420 2372 597 2428 enim
666 2388 783 2432 nos
852 2366 1107 2445 docere,
1186 2388 1269 2431 ne
1347 2388 1836 2444 succenseamus
1912 2368 2305 2446 doctoribus,

424 2480 571 2520 rum
616 2457 1115 2540 reprehendunt,
1164 2477 1331 2538 quae
1361 2458 1923 2539 reprehensionem
1952 2464 2305 2521 merentur.
2404 2508 2421 2522 .

424 2548 548 2608 :er-fl
596 2546 987 2627 accipiamus
1032 2547 1227 2611 verba
1271 2566 1495 2609 eorum
1525 2553 1839 2626 tanquam
1869 2545 1976 2607 dei
2011 2547 2306 2610 verbum.

428 2636 603 2696 fiir-:ut
647 2653 867 2697 revera
909 2641 1024 2709 est,
1076 2634 1251 2713 quod
1298 2634 1458 2698 deus
1501 2635 1626 2698 hoc
1672 2634 1866 2697 modo
1913 2635 2167 2715 quaerit
2212 2655 2309 2698 sa-

428 2724 625 2781 lutem
669 2726 1080 2802 peccatorum
1095 2771 1109 2797 ,
1169 2741 1250 2783 ne
1296 2723 1369 2784 in
1428 2722 1707 2805 peccatis
1768 2724 1974 2785 securi
2033 2730 2315 2804 pergant

424 2816 488 2868 et
556 2808 961 2872 damnentur.
1053 2810 1243 2883 Quod
1312 2811 1370 2874 si
1435 2813 1604 2874 hanc
1671 2812 1882 2893 ipsam
1947 2811 2315 2892 imaginem

428 2918 763 2976 [wffiffiemus
818 2898 1143 2962 includere
1202 2899 1441 2963 animis
1500 2900 1735 2963 nostris
1749 2949 1763 2977 ,
1835 2900 2010 2985 quod
2079 2920 2313 2964 sumus

428 2988 496 3046 sin
512 2988 665 3049 miles
722 2987 931 3069 stipiti
988 2986 1350 3052 deformato
1407 2989 1632 3052 multis
1687 2986 1876 3051 nodis
1893 3038 1908 3065 ‚
1965 3009 2316 3069 nunquam

428 3096 817 3140 rust-:saremus
864 3077 1099 3156 gratias
1146 3097 1331 3157 agere
1379 3076 1498 3140 deo
1515 3127 1528 3154 ‚
1586 3077 1680 3140 sic
1724 3083 1988 3159 paterne
2034 3098 2153 3140 nos
2201 3079 2312 3141 ad·

428 3163 715 3226 umenti
732 3213 745 3240 ,
806 3169 871 3226 et
914 3184 1030 3246 per
1074 3167 1344 3228 verbum
1407 3184 1599 3246 suum
1655 3165 1965 3230 formanti
2023 3187 2142 3249 nos
2162 3217 2176 3243 ‚
2237 3174 2318 3231 ut

428 3252 746 3332 pessimus
790 3252 1050 3316 haerere
1093 3255 1165 3316 in
1207 3274 1407 3335 regno
1453 3256 1612 3318 eius.

601 3339 891 3403 Verbum
939 3338 1203 3418 ‚hazaf‘*
1247 3364 1380 3407 non
1426 3343 1680 3425 proprie
1719 3343 1932 3407 dolare
1964 3344 2295 3424 significat

428 3432 599 3508 quud
667 3434 923 3493 tantum
992 3430 1075 3493 ad
1141 3431 1320 3512 ligna
1385 3432 1682 3509 refertur,
1763 3432 1874 3495 sed
1943 3433 2284 3498 excindere

605 3603 658 3670 1)
698 3605 970 3659 Doctores
1006 3605 1070 3658 in
1106 3606 1346 3660 ecclesia
1381 3605 1582 3661 dolant
1617 3607 1898 3662 homines.

605 3761 659 3828 ⁸¹)
695 3763 767 3815 In
804 3779 978 3830 marg.
1017 3765 1141 3818 coll.
1180 3767 1332 3820 Ien.:
1371 3767 1569 3821 Hazaf.
