2575 4225
211 268 274 331 154
557 268 669 331 Versio
692 269 793 332 latine

209 447 332 510 fornaci
354 466 525 509 succensae
558 467 616 528 per
650 445 819 527 pistorem,
856 446 913 526 qui
947 446 1085 526 quiescit
1109 449 1152 510 ab

209 534 381 598 excitanda
403 541 436 598 et
458 535 637 614 subigenda
660 535 764 597 farina
794 534 896 597 donec
927 535 1149 600 fermentetur.

209 621 211 625 ’
298 625 374 686 Dies
397 624 480 703 regis
503 625 677 687 nostriset
711 624 891 703 (inquiunt)
907 624 1069 705 principes
1093 625 1150 704 igi-

210 718 263 775 tur
277 713 504 775 incalescentes
519 714 594 775 vino
610 712 829 789 debihtantur,
854 718 886 775 ct
902 733 958 775 rex
973 733 1075 776 manu
1091 735 1152 776 sua

211 802 252 864 ad
275 822 309 865 se
332 802 431 863 trahit
453 801 606 864 illusores.
659 796 759 864 ¹Cum
783 801 917 864 insidias
933 806 1070 878 struunt,
1097 823 1152 865 cor

210 892 354 972 ipsorum
377 890 468 953 ardet
490 890 573 952 sicut
588 890 712 952 fornarr.
760 889 822 952 Sed
838 896 906 952 tota
921 897 1014 953 nocte
1030 891 1153 954 dormit

209 980 311 1061 pistor
333 999 453 1055 eorum,
485 985 517 1042 et
543 1000 639 1041 mane
663 979 754 1041 ardet
783 980 876 1058 quasi
898 979 1031 1041 flamma
1053 979 1150 1059 ignis.

214 1064 351 1132 ⁹Omnes
367 1069 471 1131 calent
486 1068 570 1131 sicut
584 1069 708 1144 fornax,
733 1075 885 1131 vorantur
900 1068 1021 1130 iudices
1037 1089 1152 1131 eorum

211 1165 306 1239 atque
336 1177 449 1221 omnes
478 1177 575 1236 reges·
597 1177 708 1219 eorum
742 1156 872 1233 cadent,
909 1177 1004 1220 nemo
1038 1164 1151 1220 tamen

211 1253 259 1310 est
281 1247 364 1309 inter
387 1266 450 1321 eos,
476 1247 533 1325 qui
556 1246 597 1308 ad
621 1266 674 1308 me
698 1247 822 1309 clamet.

304 1329 479 1415 ³Ephraim
494 1335 647 1398 miscetur
669 1355 743 1397 cum
766 1337 904 1416 populis,
930 1335 1085 1416 Ephraim
1100 1341 1152 1397 est

213 1424 316 1485 factus
340 1443 398 1485 ceu
421 1424 569 1504 placenta
591 1422 674 1503 quae
698 1444 763 1486 non
779 1425 922 1487 vertitur.
970 1423 1152 1486 Comedmrt

212 1512 309 1573 alieni
331 1512 428 1574 robur
450 1512 528 1588 eius,
553 1518 716 1575 ettamen
732 1533 798 1575 non
818 1513 977 1592 intelligit,
1002 1513 1150 1587 canessit,

213 1606 246 1663 et
283 1606 393 1663 tamen
433 1622 498 1663 non
537 1600 696 1681 intelligit.
758 1602 959 1663 Humiliatur
1000 1601 1153 1681 superbia

214 1690 379 1770 Ephraim,
404 1689 587 1752 videntibus
610 1690 704 1771 ipsis,
737 1696 769 1753 et
794 1697 904 1753 tamen
933 1710 1000 1752 non
1023 1709 1151 1752 conver-

213 1784 326 1841 tuntur
349 1778 390 1840 ad
413 1778 582 1841 dominum
606 1779 705 1841 deum
728 1799 838 1855 suurn,
863 1799 968 1858 neque
991 1785 1153 1858 quaerunt

213 1888 287 1930 eum
310 1869 345 1929 in
368 1867 518 1930 omnibus
541 1867 620 1930 istis.
669 1868 825 1949 Ephraim
841 1873 889 1930 est
904 1869 986 1930 sicut
1001 1867 1153 1929 columba

213 1957 345 2020 seducta
375 1959 457 2036 quae
486 1956 569 2017 nihil
597 1956 757 2035 intelligit.
796 1957 1028 2020 invocaverunt
1062 1955 1153 2018 enim

212 2048 406 2127 Aegyptum,
431 2051 464 2107 et
486 2046 635 2107 abierunt
663 2045 704 2106 ad
726 2046 905 2126 Assyrium.
952 2045 1153 2125 Quocunque
1223 2077 1226 2084 ·
1276 2014 1285 2079 -Ι

214 2136 311 2214 igitur
339 2135 492 2210 abierint,
523 2134 708 2216 expandam
739 2154 835 2215 super
864 2155 917 2198 eos
940 2141 1006 2197 rete
1028 2154 1151 2211 meum,

214 2229 246 2284 et
268 2223 380 2285 cadere
403 2223 521 2285 faciam
544 2224 628 2285 sicut
651 2244 723 2286 aves
747 2224 835 2300 coeli,
860 2244 896 2285 ac
917 2223 1080 2303 castigabo
1097 2244 1153 2286 eos

213 2311 296 2375 sicut
319 2311 456 2374 audiunt
478 2311 512 2372 in
536 2312 669 2373 ecclesia
692 2332 759 2374 sua.

305 2394 392 2463 ⁴Vae
404 2400 459 2476 eia,
477 2401 630 2480 quoniam
652 2401 805 2464 recedunt
816 2421 836 2462 a
847 2422 908 2463 me.
933 2402 1152 2465 Devastabun·

213 2496 274 2566 tur,
299 2490 454 2569 quoniam
477 2490 588 2569 inique
612 2497 714 2570 agunt
743 2496 853 2553 contra
882 2510 943 2552 me.
991 2491 1059 2570 Ego
1082 2491 1152 2571 qui·

213 2578 289 2640 dem
312 2577 434 2640 redimo
458 2598 521 2654 eos,
551 2579 615 2659 ipsi
643 2584 753 2641 autern
782 2579 936 2658 loquutur
965 2584 1076 2641 contra
1099 2600 1152 2641 me

213 2666 424 2728 mendaciam.
471 2667 544 2728 Non
578 2668 720 2730 clamant
747 2667 788 2729 ad
811 2666 863 2729 me
901 2688 942 2729 ex
965 2668 1058 2730 corde
1081 2688 1151 2744 suc,

213 2755 269 2817 sed
299 2754 426 2818 ululant
455 2755 490 2817 in
520 2756 675 2819 cubiculis
706 2756 782 2821 suis.
834 2750 983 2837 5Propter
1011 2756 1152 2819 frumen·

213 2849 284 2906 turn
306 2850 339 2906 et
361 2849 506 2907 mustum
528 2851 761 2925 congregantur
783 2852 816 2907 et
835 2845 1043 2908 adversantur
1057 2846 1151 2907 mihi.

213 2933 282 3014 Ego
305 2932 424 3009 erudi0,
450 2939 482 2996 et
504 2934 596 2996 firmo
619 2934 752 2996 brachia
775 2954 894 2996 eorum.
942 2934 1004 2996 Sed
1027 2936 1153 2997 malum

213 3028 323 3084 contra
349 3044 401 3084 me
430 3024 579 3103 cogitant.
632 3022 882 3098 Convertuntur,
918 3022 974 3085 sed
1009 3040 1076 3085 non
1111 3024 1153 3086 ad

213 3111 415 3188 altissimum,
445 3117 477 3173 et
504 3116 580 3174 sunt
607 3112 692 3173 sicut
721 3132 812 3174 arcus
842 3111 979 3175 dolosus.
1028 3112 1154 3177 Cadent

303 3391 329 3459 1)
349 3393 411 3446 Hoc
429 3396 486 3461 est,
513 3409 579 3446 cum
603 3394 767 3447 idolatriam
793 3394 905 3447 docent.¹
941 3393 969 3461 2)
989 3393 1046 3447 Hic
1066 3410 1129 3462 exp«

212 3463 257 3515 nit
281 3463 357 3529 quod
382 3463 458 3517 dixit
481 3464 516 3517 de
539 3465 647 3531 pistore
670 3468 731 3519 tota
755 3469 838 3518 nocte
857 3465 1025 3519 dormiente.
1064 3464 1094 3532 3)
1118 3467 1129 3519 l

213 3533 422 3588 calamitatibus
441 3551 500 3588 non
518 3541 607 3601 agunt
624 3536 845 3604 poenitentiam,
871 3536 923 3591 sed
942 3540 1086 3603 quaerunt
1104 3537 1140 3589 hu

213 3620 298 3657 mana
316 3605 467 3675 praesidia,
487 3622 560 3672 quae
578 3611 676 3660 tamen
695 3608 737 3660 eis
755 3607 844 3660 exitio
863 3611 938 3660 sunt.
975 3605 1004 3673 4)
1017 3607 1082 3661 Hoc
1100 3624 1124 3661 es

212 3690 320 3742 poenas
338 3676 369 3728 in
387 3677 449 3741 lege
461 3682 592 3732 ostensas
610 3678 773 3731 immittam.
804 3676 832 3745 ὃ)
845 3678 943 3731 Oratio
955 3677 1124 3732 idolatrarur

213 3749 334 3799 nonest
352 3747 450 3816 oratio,
469 3748 520 3801 sed
538 3749 666 3801 ululatus
684 3763 741 3817 quo
759 3749 914 3803 offenditur
932 3749 1011 3803 deus.
