2575 4225
428 295 527 357 Oseae
551 296 735 377 prophetae.
1002 293 1065 355 203

125 446 277 551 coniugis,
301 471 474 535 liberorum
489 479 522 537 et
543 480 714 556 parentmn
735 478 769 535 et
782 470 903 535 similes
916 470 1065 549 affectos)

124 560 221 623 etiam
248 560 284 622 in
310 560 434 641 integra
469 569 584 627 natura
611 562 805 639 extitissent,
839 568 948 624 tamen
980 580 1066 623 nunc
1165 569 1170 582 ‘

18 653 23 724 ,·
126 671 188 712 non
207 651 255 712 ita
277 650 351 730 puri
373 656 458 726 sunt,
483 670 609 733 semper
625 652 713 714 enim
737 650 888 713 adhaeret
909 648 1066 713 viciosum

125 738 255 819 aliquid,
278 739 343 818 legi
365 738 417 802 dei
441 740 620 803 adversum.
667 740 744 803 Ideo
767 740 866 802 etiam
889 740 992 801 sancti
1015 758 1065 800 va·

18 830 20 913 j
124 828 176 891 riis
200 827 438 892 calamitatibus
461 829 676 893 subiiciuntur
697 829 746 891 in·
754 829 816 890 hec
838 828 913 903 vita,
937 834 975 890 ut
997 847 1065 908 peo-

123 917 184 979 cati
222 916 377 996 reliquiae
418 923 451 981 et
483 919 661 999 puniantur
704 924 737 981 et
769 917 927 999 paulatim
966 916 1068 978 extin-

18 1021 20 1031 ’
124 1011 271 1085 guantur.

211 1095 301 1156 Haec
323 1094 529 1158 incommoda
551 1095 662 1157 omnia
676 1114 733 1176 per
748 1100 916 1176 peccatum
932 1099 1063 1175 accepta

121 1190 214 1258 sunt,
238 1202 297 1263 per
319 1183 406 1262 quod
428 1183 526 1264 primi
549 1190 712 1265 parentes,
746 1183 928 1263 exquibus
951 1202 1062 1263 propa·

18 1343 19 1358 ,
123 1272 187 1351 goti
210 1290 340 1348 sumus,
371 1270 537 1335 desierunt
558 1292 627 1336 esse
650 1272 709 1335 filii
732 1272 793 1348 dei,
819 1292 856 1335 ac
883 1271 1063 1334 similitudi-

18 1393 19 1427 :
123 1381 199 1422 nem
221 1360 276 1422 dei
298 1360 484 1424 amiserunt.
531 1361 645 1441 Itaque
669 1361 826 1443 scriptura
848 1366 951 1424 totam
974 1367 1063 1423 natu·

124 1469 191 1511 ram
216 1456 355 1525 accusat,
379 1450 463 1513 sicut
477 1456 526 1513 est
540 1452 576 1512 in
591 1451 679 1531 psal-
692 1446 764 1512 14.1
783 1455 817 1513 et
832 1450 1064 1514 contumelioso

18 1553 19 1556 ’
122 1538 253 1601 nomine
277 1538 433 1619 appellat,
465 1540 652 1617 hominum,
683 1560 749 1602 non
772 1539 826 1601 dei
854 1539 945 1602 filios.
992 1540 1063 1602 Pro-

124 1628 230 1707 spexit
252 1626 405 1690 dominus
427 1627 468 1690 de
491 1629 579 1691 coelo
603 1648 699 1709 super
722 1629 805 1691 filios
821 1629 1003 1703 hominum,
1027 1634 1065 1690 ut

18 1709 19 1730 ¹
123 1715 246 1792 videat,
278 1735 359 1777 num
386 1718 430 1779 sit
459 1717 576 1796 aliquis
605 1716 804 1797 intelligens,
835 1718 892 1796 qui
922 1716 1065 1796 requirat

18 1807 19 1840 ³
122 1804 230 1867 deum.
277 1804 341 1867 Sed
374 1825 487 1868 omnes
521 1804 778 1882 declinaverunt,
821 1805 952 1867 inutiles
986 1805 1064 1867 facti

122 1900 212 1969 sunt,
239 1914 308 1957 non
331 1899 380 1957 est
402 1894 519 1975 aliquis
542 1896 600 1975 qui
622 1896 721 1957 faeiat
742 1895 880 1969 bonum,
909 1914 951 1956 ne
979 1912 1064 1956 unus

18 1980 19 2049 i
122 1982 266 2062 quidem.
313 1984 403 2045 Haec
432 1984 593 2046 sententia
626 2003 799 2047 commune
833 1982 990 2047 iudicium
1024 1981 1064 2043 de

18 2131 19 2152 ,
78 2148 84 2153 ,
121 2076 188 2134 toto
211 2090 328 2152 genere
349 2073 494 2136 humano
517 2073 677 2154 proponit,
702 2092 762 2136 nec
785 2072 960 2153 quisquam
983 2070 1062 2134 exci-

121 2161 223 2242 pitur,
253 2162 321 2224 rien
342 2162 465 2238 Iudaei,
511 2182 578 2224 non
600 2163 739 2225 maiores
761 2181 872 2225 eorum
901 2161 1004 2224 sancti
1033 2167 1066 2224 et

120 2250 220 2330 primi
243 2256 360 2331 patres.
407 2250 531 2313 Eadem
553 2251 641 2313 enim
664 2252 787 2314 ratione
817 2251 986 2333 propagati
1015 2270 1063 2312 su·

120 2358 195 2401 mus
218 2359 333 2402 omnes
348 2359 389 2401 ex
404 2359 499 2402 carne
514 2359 572 2421 per
587 2346 756 2420 peccatum
772 2345 930 2421 corrupte,
955 2339 1063 2418 itaque
1117 2359 1123 2375 ¹

117 2447 235 2491 onmes
258 2447 371 2490 sumus
394 2435 510 2492 natura
531 2449 599 2491 non
622 2428 691 2505 dei,
722 2429 778 2492 sed
801 2427 972 2491 hominum
995 2427 1063 2503 filii,

118 2517 182 2580 hoc
228 2522 288 2593 est,
334 2523 531 2597 peccatores,
578 2517 636 2596 qui
680 2536 825 2580 caremus
864 2516 964 2596 gloria
1001 2515 1062 2591 dei,

118 2605 257 2668 Roman.
285 2599 334 2667 3.²

209 2695 281 2757 Hic
300 2695 401 2774 igitur
428 2695 621 2758 beneficium
650 2694 769 2758 Christi
798 2695 881 2756 clare
908 2693 1062 2775 pingitur,

18 2770 19 2821 f
116 2803 196 2846 cum
226 2783 290 2859 illi,
320 2783 378 2863 qui
399 2804 467 2846 non
489 2790 565 2846 sunt
586 2785 726 2865 populus
750 2781 819 2859 dei,
850 2783 910 2844 filii
939 2783 992 2845 dei
1021 2782 1064 2846 vi-

18 2912 19 2957 7
118 2873 227 2936 ventis
258 2865 372 2934 fiunt⁸
421 2872 626 2952 Significatur
650 2873 737 2934 enim
759 2872 821 2934 heo
850 2871 1064 2952 appellatione

18 2967 19 3045 ᾗ
117 2961 298 3027 destructio
321 2961 586 3041 regniSatauae,
617 2961 749 3024 abolitio
772 2960 894 3035 mortis,
919 2959 1064 3021 remissio

18 3054 19 3109 ἶ
117 3055 342 3132 peccatorum,
368 3056 400 3113 et
422 3050 554 3113 donatio
577 3049 709 3131 spiritus
733 3048 852 3123 sancti,
876 3047 934 3127 qui
956 3065 1065 3110 veram

18 3174 19 3207 ;
116 3139 340 3218 cognitionem
363 3138 416 3201 dei
438 3137 584 3202 infundit
599 3137 732 3219 animis,
757 3142 790 3198 et
805 3136 964 3199 exuscitet
978 3156 1064 3198 men-

18 3246 19 3309 }
116 3235 167 3290 tes
203 3227 248 3289 ad
281 3247 391 3290 veram
424 3220 657 3304 obedientiam,
692 3226 833 3305 denique
869 3225 969 3288 etiam
999 3225 1066 3288 vita

18 3336 21 3393 ³,
114 3324 267 3392 aeterna,
304 3323 337 3379 et
369 3317 552 3380 haereditas
585 3315 734 3379 omnium
767 3314 944 3390 bonorum,
982 3331 1065 3392 quae

161 3425 201 3467 us
223 3404 380 3486 possidet.
426 3406 503 3468 Ideo
527 3405 615 3467 enim
638 3425 704 3467 non
728 3404 834 3467 solum
856 3402 919 3479 dei,
944 3400 1001 3464 sed
1022 3400 1064 3464 vi-

169 3494 226 3556 rtis
241 3493 296 3556 dei
311 3494 395 3558 filios
410 3495 560 3577 appellat,
577 3499 615 3556 ut
630 3492 779 3556 ostendat
793 3493 881 3554 hunc
896 3491 1063 3573 populum,

201 3582 255 3645 dei
277 3583 419 3664 populus
442 3604 509 3646 non
532 3588 608 3658 erat,
634 3581 690 3644 sed
714 3580 893 3662 perfidem
919 3580 955 3642 in
978 3579 1064 3641 Chri·

177 3715 342 3726 ——--—--

212 3775 239 3842 1)
259 3777 334 3830 Psal.
355 3776 396 3830 14.
433 3777 460 3844 2)
479 3777 600 3829 Roman.
617 3772 643 3826 3.
681 3772 709 3842 3)
729 3771 838 3828 Christi
856 3770 1036 3826 beneficium.
