2575 4225
201 259 268 349 Ι406
529 280 634 361 Caput
658 278 821 342 decimum

201 462 348 544 geminos
377 459 494 525 vitrrlos
522 459 558 521 in
580 459 653 520 Dan
681 462 713 520 et
734 456 817 519 Beth
840 456 880 518 ΕΙ
910 456 1049 537 alligabo
1081 476 1147 522 cos.

203 548 328 615 Alludit
350 548 438 612 enim
460 548 502 609 ad
525 546 773 610 similitudinem
796 545 838 608 de
859 545 970 609 vitulo.

248 754 441 837 Ephraim
464 752 590 818 vitula
612 752 934 827 estassucfacta,
959 756 1001 813 ut
1016 752 1148 815 liben-

247 851 307 907 ter
330 844 506 918 trituret,
531 840 602 905 sed
624 860 695 921 ego
718 839 926 903 ascendam
949 860 1068 921 super
1090 862 1148 905 ro-

246 933 413 995 bustum
451 931 600 995 collum
639 930 743 1007 eius,
791 932 828 993 et
866 928 1060 1009 equitabo
1107 931 1149 993 in

247 1022 447 1104 Ephraim.
482 1020 622 1083 Arabit
643 1018 757 1094 Iuda,
783 1024 819 1081 et
842 1018 995 1082 ocoabit
1016 1018 1147 1082 Iacob.

25 1226 33 1237 ’
161 1230 165 1241 “
280 1227 438 1289 cherrima
464 1226 545 1288 haec
575 1222 736 1289 sententia
764 1228 821 1299 est,
854 1242 1043 1303 quanquam
1077 1244 1148 1305 pro-

263 1321 335 1397 pter
356 1316 494 1396 figuram
516 1314 613 1395 paulo
637 1312 801 1376 obscurior
819 1312 870 1375 sit.
917 1312 1030 1375 Iudaei
1046 1312 1149 1377 alium

172 1459 174 1466 ,
203 1424 300 1467 usum
336 1402 522 1467 excutiendi
555 1402 712 1465 frumenti
745 1401 910 1464 habebant
944 1422 1045 1482 quam
1075 1422 1146 1479 nos,

208 1488 400 1555 1utebantur
421 1492 509 1553 enim
532 1492 642 1567 tauris,
666 1491 702 1552 hi
725 1490 909 1567 circumacti
931 1491 966 1552 in
981 1510 1064 1567 area,
1089 1511 1147 1553 un-

203 1580 288 1661 gulis
311 1580 521 1643 excucicbant
537 1580 677 1642 semina.
723 1580 756 1643 Is
779 1579 869 1642 labor
895 1580 1050 1664 iumentis
1079 1600 1147 1660 gra-

89 1669 93 1677 '
203 1677 258 1734 tus
280 1675 356 1747 erat,
381 1690 448 1733 non
471 1668 566 1747 enims
582 1668 729 1749 alligata,
751 1689 818 1730 non
840 1669 934 1748 iugo,
959 1688 1027 1731 non
1050 1689 1147 1731 onere
1213 1703 1216 1707 ·
1276 1686 1278 1747 ξ

202 1779 314 1841 pressa
336 1765 437 1836 erant,
461 1758 518 1821 sed
534 1756 757 1821 discurrebant
770 1757 880 1833 libere,
906 1763 938 1819 et
953 1758 1148 1839 suppetebat

203 1850 250 1912 eis
279 1848 398 1925 victus,
431 1847 609 1911 seeundum
639 1846 832 1908 mandatum
855 1846 980 1910 domini
1002 1846 1038 1909 in
1060 1847 1146 1926 lege:

202 1938 276 2001 Non
299 1937 446 2017 alligabis
469 1957 505 2000 os
526 1936 602 2000 bovi
624 1934 798 2010 trituranti,
822 1933 884 1997 hoo
907 1940 964 2011 est,
989 1955 1057 1997 non
1075 1956 1145 2017 pro-

202 2027 346 2103 hibebis,
376 2026 457 2107 quin
486 2046 561 2089 cum
588 2025 673 2087 inter
700 2022 918 2088 triturandum
949 2024 1065 2100 esurit,
1099 2044 1147 2087 co-

203 2117 322 2180 medat.

292 2206 368 2267 Huc
400 2205 500 2284 igitur
533 2204 665 2284 respicit
698 2203 871 2287 propheta,
912 2208 944 2266 et
981 2210 1147 2284 comparat

202 2293 330 2357 Israelis
352 2313 489 2373 regnum
512 2314 579 2356 non
600 2293 692 2369 bovi,
724 2292 782 2356 sed
809 2292 943 2369 vitulae,
975 2311 1058 2372 quae
1090 2313 1149 2374 per

204 2389 344 2446 aetatem
366 2383 500 2459 lascivit,
524 2382 665 2445 necdum
688 2381 730 2444 ad
753 2381 867 2462 iugum
890 2381 1071 2444 assuefacta
1088 2388 1146 2457 est,

203 2493 242 2536 ac
270 2473 365 2536 dicit:
395 2473 495 2535 Israel
521 2477 679 2552 tanquam
705 2471 826 2536 vitulus
854 2476 943 2534 amat
973 2468 1146 2536 trituratio·

203 2582 295 2638 nem,
329 2563 392 2624 hoc
422 2567 485 2639 est,
516 2566 604 2624 amat
632 2561 712 2625 tales
742 2579 853 2640 operas
883 2578 940 2622 seu
971 2560 1076 2624 cultus
1107 2579 1148 2622 ex

203 2651 323 2730 quibus
353 2650 458 2713 victus
488 2650 645 2731 suppetit,
682 2669 749 2712 non
776 2649 847 2712 vult
875 2649 968 2728 sequi
1001 2649 1148 2724 verbum,

204 2742 343 2800 sectatur
372 2737 516 2813 lucrum,
547 2741 581 2800 et
605 2739 712 2801 ventri
741 2737 846 2801 servit.
893 2736 957 2800 Sed
985 2736 1067 2818 quid
1090 2757 1149 2820 ego
1276 2779 1277 2782 κ

15 2881 43 2906 ,.,
205 2826 348 2889 facturus
371 2827 467 2889 sum?
499 2825 722 2890 Conscendam
743 2827 779 2889 in
802 2826 871 2888 eius
894 2824 1065 2889 robustum
1088 2827 1148 2888 col·
1276 2891 1277 2906 ἓ

15 2946 39 2975 -ι
82 2913 86 2979 J
204 2916 282 2992 lum,
307 2921 464 2997 tanquam
487 2935 594 2996 eques,
619 2920 653 2979 et
668 2914 819 2996 equitabo
836 2915 872 2977 in
886 2914 1054 2997 Ephraim,
1079 2920 1148 2977 tan·
1276 2933 1278 2990 l

30 3019 35 3028 ·
204 3025 304 3085 quam
326 3005 363 3068 in
385 3025 479 3086 equo,
502 3006 565 3069 hoc
587 3009 645 3082 est,
670 3024 816 3086 premam
839 3023 924 3080 eum,
952 3023 1020 3067 non
1042 3003 1151 3066 sinam
1276 2999 1278 3050 ἓ

204 3094 379 3158 discurrere
401 3095 550 3171 liberum,
574 3094 631 3158 sed
647 3099 804 3174 tanquam
819 3111 940 3172 equum
961 3111 1077 3172 cogam
1091 3092 1150 3168 ire,
1276 3141 1277 3144 η

204 3201 270 3263 quo
293 3203 351 3263 ego
373 3184 462 3259 volo,
490 3183 612 3248 invitus
635 3203 713 3246 sane
735 3181 798 3245 ibit
818 3180 855 3244 in
876 3181 1059 3262 Assyriam,
1092 3181 1153 3244 sed

205 3278 335 3352 cegetur
356 3272 399 3335 vi.
1276 3341 1278 3356 ,

287 3360 389 3436 Quod
416 3360 458 3423 de
487 3361 570 3423 Iuda
596 3366 707 3425 arante
735 3359 841 3434 addit,
873 3357 909 3420 id
936 3357 1078 3440 pertinet
1107 3359 1150 3421 ac'
1276 3391 1278 3422 r

47 3432 91 3511 ὲ»,
204 3470 341 3532 regnum
362 3449 454 3528 Iuda,
482 3449 570 3530 quod
593 3451 731 3530 gravitm
754 3449 795 3511 ab
818 3447 949 3528 Assyrio
973 3453 1045 3510 tum
1069 3447 1147 3510 affli-

54 3521 94 3615 ’ξ
204 3544 293 3601 ctum
316 3545 373 3616 est,
398 3558 587 3621 quanquam
609 3558 676 3604 non
699 3538 794 3620 plane
816 3541 866 3600 est
888 3541 1061 3602 vastatum.

295 3765 322 3832 1)
341 3765 496 3822 TrituratIo
513 3766 694 3822 Iudaeorum.
