2575 4225
876 318 1134 381 Hoeeae·
1174 319 1544 401 prophetae.
2013 319 2141 383 3:⁹9

252 514 391 560 mec
430 499 706 578 prosunt
749 494 842 558 eis
888 495 1304 576 quantumvis
1349 493 1727 559 excellentia
1770 494 1958 572 dona,
2009 499 2138 579 qui-

260 586 388 649 bus
436 604 476 647 a
519 583 641 647 deo
686 583 892 647 ornati
941 590 1110 646 sunt.
1604 603 1609 607 ·
1654 649 1658 653 Α

443 672 651 753 Igitur
678 672 913 735 Paulus
944 691 1093 735 cum
1135 666 1534 737 Corinthios²
1589 672 1670 735 de
1714 672 1839 737 hoc
1868 671 2009 755 ipso
2045 695 2141 755 pe-

258 762 470 826 riculo
514 761 835 838 admonet,
885 760 1060 842 quod
1105 761 1313 824 facilis
1359 761 1444 825 sit
1469 762 1690 843 lapsus
1737 781 1777 824 a
1819 780 1970 826 vera
2013 763 2141 823 reli-

259 851 454 932 gione
502 856 568 914 et
609 850 837 914 timore
868 849 992 926 dei,
1039 849 1163 913 hac
1207 850 1475 913 historia
1503 849 1728 931 populi
1770 849 2145 913 fornicantis

260 940 338 1003 in
382 938 633 1003 deserto
663 938 883 1015 utitur,
938 939 995 1000 1.
1030 938 1314 1002 Corinth.
1353 940 1454 1001 10.
1519 938 1604 1001 Et
1634 931 1960 1001 Christus²
2017 959 2141 999 non

260 1028 506 1091 frustra
535 1027 891 1103 admonuit,
940 1025 1258 1090 orandum
1290 1025 1597 1108 quotidie,
1646 1046 1728 1089 ne
1764 1025 2145 1090 inducamur

259 1116 337 1179 in
381 1116 824 1181 tentationem.
916 1115 1165 1197 Lapsus
1203 1116 1379 1179 enim
1423 1113 1768 1178 facillimus
1815 1120 1929 1190 est,
1979 1115 2069 1177 siz:
2077 1127 2145 1175 ut

262 1204 532 1269 Davidis
552 1254 566 1281 ,
630 1204 832 1282 Petri,
894 1211 960 1268 et
1021 1205 1295 1268 aliorum
1351 1200 1719 1267 sanctorum
1734 1252 1748 1280 ‚
1804 1205 2141 1285 praecipue

259 1298 486 1357 autem
567 1293 762 1357 huius
838 1293 1036 1357 totius
1104 1292 1330 1375 populi
1411 1292 1708 1374 exempla
1775 1291 2141 1355 ostendunt„

257 1382 503 1463 Ingens
561 1387 780 1446 autem
825 1389 926 1446 est
968 1382 1173 1447 hostis
1230 1382 1548 1464 potentia,
1610 1400 1761 1445 cum
1814 1399 1933 1445 nos
1978 1402 2141 1451 vers,

257 1470 434 1535 sicut
476 1471 713 1535 Paulus
758 1476 961 1548 vocat,
974 1465 1002 1505 ⁸
1065 1470 1268 1535 simus
1312 1490 1469 1536 vasa
1510 1476 1806 1547 testacea,
1864 1468 1980 1550 qui
2021 1471 2141 1531 levi

259 1560 555 1642 impulsu
598 1559 958 1641 frangimur
972 1610 986 1637 ,
1034 1560 1163 1623 nisi
1208 1560 1422 1623 innixi
1465 1559 1658 1625 verbo
1703 1558 1788 1622 ad
1831 1558 2141 1622 humilem

259 1655 332 1713 et
378 1649 614 1713 seriam
659 1649 1014 1713 orationem
1059 1647 1558 1730 confugerimus.

358 1822 671 1937 Gno'ria
734 1827 995 1891 Israel
1072 1827 1349 1892 avolat
1415 1825 1646 1908 quasi
1721 1826 1919 1904 avis,
1997 1851 2141 1891 usn

478 1916 769 1998 pariet,
828 1936 990 1979 non
1036 1920 1263 1997 geret
1306 1916 1388 1979 in
1440 1921 1703 1991 utero,
1766 1936 1923 1981 non
1967 1935 2141 1979 cmi-

354 2003 612 2085 cipiet
681 2005 1056 2087 amplius.
1191 2003 1536 2067 Etiamsi
1617 2002 2141 2069 educaverint

355 2093 592 2159 filios
638 2113 850 2171 suos,
914 2099 1182 2158 tamen
1237 2113 1374 2157 eos
1421 2092 1644 2157 orbos
1699 2093 2001 2158 faciam
2049 2116 2141 2156 ns

357 2182 521 2247 sint
563 2183 779 2246 inter
822 2182 1212 2246 homines.

260 2355 634 2471 *Gnoriam
676 2365 865 2424 vocat
907 2359 1075 2423 sicut
1117 2379 1316 2442 supra
1358 2377 1630 2441 regnum
1647 2408 1661 2436 ,
1719 2365 1783 2422 et
1827 2358 2141 2440 quidquid

369 2465 371 2467 ’
435 2447 755 2512 donorum
807 2448 917 2511 hic
973 2449 1255 2530 populus
1310 2448 1542 2511 habuit
1557 2497 1571 2524 ,
1632 2446 1806 2510 hanc
1862 2447 2149 2510 minatur

262 2537 662 2603 avolatus-am
744 2537 912 2601 sicut
988 2557 1191 2601 avem.
1331 2534 1662 2616 Significat
1741 2540 1960 2599 autem
2025 2536 2145 2596 hav

261 2627 474 2707 figura
518 2623 767 2689 cladem
797 2624 980 2706 regni
1013 2625 1150 2689 fore
1178 2624 1755 2707 irrecuperabilem,
1805 2624 1942 2689 avis
1973 2628 2145 2688 enim

260 2713 538 2778 dimissa
582 2733 617 2776 e
660 2715 966 2777 manibus
1012 2713 1413 2797 apprehendi
1456 2713 1669 2778 denuo
1715 2714 1960 2794 nequit.

446 2802 636 2877 Quod
672 2801 951 2880 additur,
999 2803 1071 2866 in
1101 2804 1350 2866 Ebraeo
1395 2801 1749 2866 admodum
1793 2803 1984 2868 breve
2033 2816 2141 2876 est,

260 2913 305 2955 a
362 2897 584 2974 parta,
644 2891 725 2954 ab
778 2897 960 2956 utero
980 2941 994 2968 ,
1058 2911 1099 2954 a
1157 2891 1574 2973 conceptione
1592 2940 1607 2968 ,
1669 2890 1785 2954 sed
1831 2892 2149 2954 sententis.

259 2980 534 3044 indubie
576 2981 738 3044 haec
769 2986 883 3045 est.
976 2981 1123 3044 Non
1152 2979 1525 3062 parituram,
1574 2998 1708 3041 non
1755 2984 2145 3058 gestaturfflu

258 3069 338 3132 in
380 3074 566 3133 utero
583 3119 597 3147 ,
661 3089 795 3133 non
839 3074 1314 3152 concepturam.
1405 3069 1550 3131 Hoc
1603 3086 1737 3130 non
1781 3066 1875 3129 sic
1919 3066 2141 3129 intelli-

260 3157 552 3239 gendum
598 3164 721 3235 est,
787 3159 975 3239 quasi
1018 3158 1298 3241 populus
1341 3155 1540 3220 Israel
1584 3154 1755 3219 dono
1822 3155 2141 3218 foecundi-

262 3247 417 3311 tatis
475 3247 548 3309 in
605 3247 974 3329 captivitate
1032 3245 1346 3310 cariturus
1407 3245 1521 3322 sit,
1585 3263 1928 3307 mansurae
1973 3244 2142 3304 eni-m

262 3341 451 3399 orant
478 3324 787 3416 reliquiae
829 3355 1037 3418 usque
1083 3333 1166 3398 ad
1196 3334 1544 3398 Christum.
1636 3331 1763 3396 Sed
1793 3330 1969 3412 quod
2013 3352 2145 3412 {pt-:⁵1-÷

308 3430 464 3488 etua
547 3424 850 3489 servitute
925 3443 1267 3507 oppressus
1358 3422 1610 3487 iacebit.
1763 3421 2077 3500 Quanqus.
2085 3440 2149 3480 m

448 3615 503 3684 1)
544 3616 593 3670 1.
633 3613 760 3670 cor.
801 3613 883 3669 10.
957 3614 1014 3684 2)
1052 3615 1258 3670 Matth.
1298 3614 1384 3669 26.
1458 3613 1515 3682 3)
1553 3613 1603 3667 2.
1645 3609 1771 3668 001.
1809 3609 1861 3666 4.

2053 3721 2085 3728 Η·-
2118 3720 2157 3728 -ι

447 3792 499 3861 ’)
537 3794 612 3847 In
646 3808 821 3861 marg.
860 3793 984 3848 coll.
1020 3794 1169 3848 Ien.:
1224 3789 1435 3845 Gloria.
