2575 4225
196 251 260 314 190
526 248 630 328 Caput
652 246 794 328 primum

194 424 370 536 *Pertinet
390 427 471 490 haec
493 446 621 507 quoque
643 424 801 505 particula
815 423 858 486 ad
873 425 1075 505 prophetiam
1092 427 1134 490 de

270 536 376 596 poena
408 516 589 591 idolatriae,
625 514 736 579 statim
767 514 855 575 enim
889 520 1062 595 postquam
1097 516 1135 579 in

192 625 291 684 regno
317 604 415 667 lsrael
443 605 591 668 idolatria
621 624 679 683 per
700 602 865 665 Ierobeam
895 604 1013 684 coepit,
1045 605 1137 669 varic

193 693 273 757 deus
300 692 471 756 admonuit
498 694 656 773 populum
683 712 740 771 per
766 692 893 771 flagella
919 712 993 769 sua,
1026 692 1134 773 Syma,

194 783 353 863 Assyrios,
378 788 411 847 et
433 783 511 845 alias
534 786 661 861 gentes,
685 800 783 861 regno
806 782 905 844 Israel
927 781 1062 858 vicinas,
1096 788 1139 845 ut

193 871 334 934 redirent
356 872 391 934 in
413 872 514 948 viam,
544 876 576 933 et
598 891 633 933 se
656 890 731 933 cum
754 869 828 946 deo,
854 870 945 933 cuius
969 871 1073 933 cultus
1097 872 1136 933 in

193 960 367 1023 Ierusalem
396 965 495 1038 erat,'
508 960 748 1040 coniungerent.
802 958 885 1031 Quia
913 964 1023 1021 autem
1052 960 1137 1022 deus

193 1050 387 1129 longanimis
410 1056 444 1114 et
465 1050 599 1130 patiens,
625 1054 658 1111 et
679 1048 800 1110 multae
820 1046 1057 1109 misericordiae
1073 1054 1135 1125 est,

194 1139 308 1202 afflicti
329 1139 443 1219 populi
465 1140 693 1201 clamorem-et
715 1155 824 1216 preces
840 1135 973 1213 audivit,
999 1137 1083 1199 sicut
1097 1138 1136 1199 in

194 1228 266 1290 Ioas
288 1228 422 1291 historia
443 1227 601 1303 videmus,
626 1226 793 1301 Miserius,
817 1224 935 1305 inquit,
960 1231 1008 1288 est
1031 1225 1136 1288 domi·
1236 1258 1239 1260 ·

195 1336 256 1378 nus
279 1337 399 1391 eorum,
424 1321 457 1378 et
477 1335 623 1379 reversus
645 1320 695 1377 est
717 1313 759 1375 ad
775 1333 828 1377 eos
844 1320 974 1394 propter
989 1320 1134 1394 pactum.

195 1405 278 1466 Item
299 1405 335 1465 in
356 1404 491 1467 historia
505 1404 682 1467 Ierobeam:
706 1402 799 1464 Vidit
821 1402 973 1465 dominus
988 1403 1135 1485 afflictio·

195 1512 271 1555 nem
292 1494 391 1554 Israel
413 1512 556 1555 amaram
579 1493 677 1555 nimis
700 1497 759 1555 etc.

285 1582 356 1643 Etsi
381 1582 480 1661 igitur
513 1582 671 1661 affligeret
704 1600 757 1644 eos
791 1587 920 1660 propter
954 1587 1136 1661 peccatum,

195 1676 305 1733 tamen
333 1670 424 1734 dedit
451 1670 615 1733 interdum
648 1671 829 1733 fortunatos
862 1670 1040 1751 principes,
1061 1672 1139 1751 -qui

105 1829 107 1832 v
196 1758 323 1821 hostem
351 1760 574 1839 reprimerent,
607 1764 639 1821 et
667 1760 724 1820 illa
751 1759 845 1839 quasi
871 1760 1005 1823 vulnera
1031 1760 1137 1840 reipu-

196 1848 298 1922 blicae
328 1854 487 1910 sanarent.
532 1847 730 1910 Huiusmodi
759 1849 907 1927 exempla
935 1848 1004 1910 sine
1035 1848 1140 1912 dubio

196 1937 232 1998 in
247 1957 338 2017 spem
353 1937 495 2017 aliquam
509 1942 702 2000 vocaverunt
717 1938 883 2016 populum,
908 1956 983 1999 cum
998 1956 1137 2017 regnum

196 2032 270 2105 post
296 2027 516 2107 posteritatem
544 2026 627 2088 Iehu
655 2026 701 2088 sic
735 2026 821 2088 varie
856 2025 1068 2089 seditionibus
1104 2032 1141 2089 et

198 2115 269 2177 aliis
291 2116 503 2178 incommodis
526 2117 705 2201 iactaretur.

286 2202 350 2264 Sed
371 2204 528 2284 propheta
550 2204 604 2265 hie
621 2205 702 2269 novi
726 2203 849 2282 aliquid
872 2204 1028 2281 minatur,
1061 2226 1139 2268 cum

128 2305 132 2310 ’
197 2291 285 2367 dIcit,
309 2291 393 2354 filiae
416 2292 530 2355 datum
554 2311 673 2354 nomen
697 2293 742 2354 Lo
765 2293 922 2372 Ryhamo.
970 2286 1144 2374 Significat

198 2380 285 2442 enim
299 2401 366 2444 non
380 2381 505 2444 futuras
518 2381 652 2462 posthac
663 2381 745 2444 ullas
757 2381 852 2457 vices,
870 2383 980 2461 quales
992 2383 1138 2460 fuerunt,

198 2469 255 2533 sed
277 2472 435 2553 populum
456 2471 555 2534 semel
577 2471 624 2534 ita
645 2470 892 2534 disseminatum
915 2472 998 2534 inter
1013 2478 1137 2552 gentes,

198 2559 267 2621 sine
289 2560 505 2623 misericordia
526 2560 562 2620 in
575 2560 631 2622 illa
647 2559 828 2622 calamitate
850 2579 1040 2623 mansurum
1056 2581 1136 2624 esse.

285 2649 412 2711 Nomen
439 2648 562 2711 factum
590 2654 639 2711 est
667 2669 686 2710 a
717 2649 850 2726 Riham,
879 2649 1049 2712 miseratus
1077 2655 1137 2728 est,

198 2738 347 2817 negativa
360 2736 517 2817 particula
530 2737 576 2800 Lo
592 2737 712 2814 addita,
735 2737 895 2818 significat
910 2744 1028 2815 autem,
1054 2758 1141 2819 quae

198 2825 450 2890 misericordiam
472 2846 539 2888 non
562 2827 781 2906 consequitur,
811 2825 854 2890 tle
877 2825 909 2890 ta
933 2828 1048 2909 oaqnab
1075 2827 1141 2909 lits

199 2916 286 2997 quod
311 2915 430 2978 latinus
457 2915 569 2992 habet,
600 2916 760 2979 oblivione
789 2915 958 2979 obliviscar
987 2915 1071 2992 eius,
1101 2915 1138 2978 in

199 3007 322 3068 Ebraco
351 3010 400 3067 est
429 3004 563 3068 verbum
591 3024 671 3066 nasa
705 3003 792 3083 quod
825 3004 930 3068 levare
965 3005 1136 3084 significat.

137 3155 142 3171 ,
197 3095 300 3173 Igitur
321 3094 438 3157 rectius
465 3093 609 3157 redditur
635 3113 693 3172 per
720 3093 855 3156 verbum
884 3092 1072 3169 abiiciendi,
1106 3099 1143 3156 et

199 3182 349 3247 convenit
371 3202 446 3244 cum
467 3183 662 3261 proiectione
686 3181 855 3258 sementis,
887 3181 928 3244 de
951 3201 1017 3261 qua
1039 3201 1140 3262 supra

199 3271 292 3334 dixit.
336 3271 421 3332 Nam
448 3271 602 3333 abiecturi
629 3270 768 3350 aliquid,
803 3270 838 3332 id
868 3271 1026 3347 levamus,
1060 3271 1142 3350 quia

73 3378 86 3393 ²
199 3367 308 3424 autem
334 3360 450 3440 repetit
478 3379 612 3424 veroum
646 3359 828 3422 abiiciendo
862 3359 1027 3434 abiiciam,
1063 3359 1134 3422 ideo

199 3444 383 3513 addidimus
405 3448 604 3528 particulam,
630 3448 773 3528 penitus,
797 3453 836 3511 ut
857 3447 1064 3528 aliquomodo
1087 3469 1137 3513 ve·

199 3539 371 3615 hamentia,
395 3557 478 3618 quae
500 3537 536 3600 in
558 3537 683 3600 Ebraeo
707 3544 764 3615 est,
789 3537 982 3618 exprimeret
1023 3587 1029 3599 .

289 3731 316 3800 ·)
333 3732 369 3784 In
386 3747 474 3798 marg.
493 3732 555 3786 coll.
573 3732 647 3785 Ion:
666 3731 709 3784 Da
727 3745 821 3798 poena
838 3730 995 3786 idolatriae.
