2575 4225
461 248 588 311 Hoseae
610 250 795 330 prophetae.
1034 252 1095 316 147

155 424 228 504 ipsa
256 443 324 486 11011
354 429 403 488 est
430 445 512 488 uxor
540 446 629 503 mea,
665 447 724 489 nec
759 447 817 508 ego
851 429 986 493 maritus
1016 432 1095 494 eius.

154 514 306 594 Deponat
327 512 553 578 fornicationes
569 535 643 579 suas
660 536 679 578 a
694 516 776 579 facie
797 536 864 594 sua,
889 523 922 580 et
941 519 1097 582 adulteria

155 621 213 664 sua
231 603 273 663 ab
292 602 446 666 uberibus
464 605 545 681 auis,
570 625 612 668 ne
630 605 761 686 penitus
779 605 941 669 denudem
961 628 1043 683 eam,
1065 615 1097 671 et

154 697 297 754 statuam
309 711 391 769 eam,
404 697 442 754 ut
450 693 582 756 sitsiout
590 715 627 757 eo
639 694 692 756 die
705 714 769 774 quo
782 701 858 758 nata
866 701 922 772 est,
937 702 969 759 et
976 716 1096 778 ponam

155 800 227 842 eam
239 780 324 842 sicut
335 780 507 858 desertum,
521 789 680 864 etponam
689 784 895 848 sicutterram
908 784 1094 862 desolatam,

154 889 191 932 ac
214 888 347 931 enecem
370 889 442 932 eam
465 872 528 934 sit'.
580 868 754 934 ¹Filiorum
783 873 852 935 eius
881 894 946 936 non
968 875 1094 938 misere-

153 958 221 1035 bor,
246 959 403 1038 quoniam
426 966 503 1023 sunt
524 961 583 1023 filii
599 982 639 1022 ex
655 960 864 1024 fornicatione
888 964 966 1025 nati.
1013 965 1095 1026 Nam

153 1054 257 1110 mater
280 1068 391 1110 eorum
415 1048 571 1112 fornicata
599 1057 663 1126 est,
695 1057 727 1112 et
756 1049 871 1130 parens
899 1059 1094 1115 0011111111-

152 1137 239 1218 piter
260 1156 296 1200 se
319 1138 425 1217 gessit.
473 1139 635 1213 Quoniam
663 1138 763 1215 dixit,
795 1159 909 1219 sequar
937 1146 1095 1203 amatores

153 1246 258 1302 meos,
288 1227 346 1306 qui
368 1227 450 1289 mihi
473 1226 553 1290 dant
575 1247 695 1309 panem
724 1248 848 1304 meum,
873 1249 973 1308 aquas
997 1249 1094 1306 meas,

152 1315 263 1376 lanam
278 1335 396 1392 meam,
412 1316 518 1378 linum
533 1336 653 1394 meum,
675 1316 782 1379 oleum
797 1337 916 1394 meum,
934 1324 966 1381 et
981 1326 1094 1400 potum

153 1424 275 1466 meum.

248 1506 262 1546 ²
267 1514 383 1591 Quare,
400 1535 481 1592 eece,
507 1535 566 1596 ego
580 1516 793 1578 intercludam
809 1517 877 1580 vias
892 1523 964 1579 tuas
981 1517 1093 1598 spinis

153 1609 186 1665 et
201 1603 273 1684 sepi
288 1603 464 1685 obsepiam,
488 1625 529 1666 ne
545 1605 690 1668 inveniat
706 1606 836 1668 semitas
861 1625 945 1668 suas.
992 1606 1094 1669 Secta-

153 1692 242 1754 bitur
264 1711 339 1772 ergo
362 1700 519 1756 amatores
542 1713 626 1770 suos,
652 1701 684 1756 et
699 1715 765 1757 non
781 1700 976 1775 assequetur,
1002 1715 1093 1776 quae-

152 1785 202 1843 ret
224 1801 279 1844 eos
302 1787 335 1844 et
349 1802 415 1844 non
430 1782 581 1859 inveniet,
605 1790 642 1845 ut
658 1782 753 1859 dieat,
778 1783 895 1847 vadam
910 1791 943 1846 et
957 1791 1095 1847 revertar

152 1869 195 1931 ad
228 1870 383 1933 maritum
417 1891 528 1933 meum
563 1872 701 1952 priorem
737 1871 824 1953 apud
854 1891 951 1952 quem
979 1872 1093 1934 melius

151 1959 315 2021 habebam
338 1979 437 2040 quam
459 1955 576 2023 nuna³

244 2063 306 2129 Sed
329 2066 401 2149 ipsa
423 2086 490 2130 non
513 2067 722 2148 intelligebat,
748 2066 834 2148 quod
859 2087 917 2149 ego
938 2067 1048 2131 darem
1065 2070 1094 2131 ei

151 2157 372 2232 frumentum,
401 2163 546 2220 mustum
576 2164 608 2221 et
637 2157 761 2234 oleum,
786 2178 823 2220 10
844 2159 1094 2240 multiplicarem

151 2246 183 2307 ei
210 2251 381 2324 argeutum
408 2252 441 2307 et
469 2266 593 2308 aurum.
640 2246 718 2309 Ideo
745 2247 797 2309 his
825 2248 919 2310 abusi
948 2254 1024 2310 sunt
1052 2248 1093 2309 ad

151 2334 277 2397 cultum
299 2328 407 2396 Baal.4
456 2335 577 2397 Rursus
606 2335 705 2416 igitur
726 2336 871 2398 auferam
893 2336 1093 2398 frumentum

150 2442 263 2485 meum
285 2422 321 2484 in
350 2429 494 2505 tempore
523 2443 598 2500 suo,
630 2431 663 2487 et
693 2431 838 2487 mustum
867 2444 978 2486 meum
1009 2432 1093 2487 certo

150 2532 210 2574 suo
233 2518 394 2592 tempore,
425 2518 459 2574 et
479 2513 588 2575 lanam
610 2533 719 2575 meam
746 2513 890 2593 eripiam,
922 2532 959 2575 ac
988 2513 1093 2575 linum

149 2621 262 2663 meum
286 2619 351 2679 qno
373 2601 491 2664 velavit
505 2602 659 2682 pudenda
682 2622 749 2665 sua.
795 2603 843 2663 Ac
858 2602 1006 2683 detegam
1022 2608 1093 2665 tum

151 2689 390 2772 turpitudinem
426 2690 495 2753 eius
524 2691 560 2754 in
588 2698 763 2773 conspectu
797 2697 979 2755 amatorum
1013 2692 1091 2767 eius,

149 2798 210 2841 neo
233 2777 349 2859 eripiet
371 2797 444 2840 eam
467 2779 640 2861 quisquam
664 2801 704 2843 ex
726 2800 827 2844 manu
849 2802 931 2843 mea.

245 2879 395 2948 ⁵Oessare
417 2905 545 2965 quoque
568 2886 687 2948 faciam
709 2906 804 2949 omne
834 2886 990 2965 gandium
1012 2886 1090 2959 eius,

150 2975 391 3039 solemnitatem
406 2976 485 3051 eius,
506 2976 711 3038 neomeniam
727 2976 805 3050 eius,
831 2975 1008 3036 Sabbatum
1023 2974 1092 3036 eius

149 3072 183 3127 et
205 3062 318 3127 omnia
340 3069 425 3126 stata
446 3064 538 3141 festa,
552 3064 630 3126 eius.
678 3063 819 3126 Vastabo
844 3081 972 3142 quoque
992 3061 1092 3125 vitem

150 3155 220 3216 eius
244 3158 277 3216 et
299 3152 402 3214 ficum
425 3152 503 3229 eius,
528 3154 568 3216 de
584 3153 703 3233 quibus
719 3150 810 3228 dixit,
834 3151 915 3213 haec
929 3170 1002 3213 mea
1017 3156 1093 3213 sunt

241 3381 268 3450 1)
288 3380 446 3435 Posteritas
465 3395 625 3448 synagogae
643 3380 735 3433 nostri
754 3380 854 3435 Iudaei
872 3379 966 3433 hodie.
998 3376 1026 3443 2)
1041 3377 1092 3431 Ro-

159 3454 229 3508 nani
256 3454 375 3508 vastant
398 3455 520 3520 terram,
549 3456 581 3520 et
596 3452 683 3505 simul
701 3467 767 3505 cum
792 3466 879 3518 regno
901 3447 1093 3505 sacerdotium

155 3524 257 3577 amittit
268 3524 402 3592 populus.
439 3521 468 3590 3)
481 3522 556 3577 Vide
569 3527 722 3589 paternum
735 3523 892 3577 eonsilium.
931 3520 976 3575 Sic
990 3519 1093 3586 affligit

155 3601 183 3649 ut
206 3598 366 3662 agnoscant
387 3597 552 3662 peecatum,
577 3598 609 3647 et
633 3594 752 3647 redeant
774 3594 805 3645 in
832 3593 918 3647 viam.
960 3589 989 3659 4)
1014 3590 1092 3645 Cala·

162 3667 266 3720 nitates
279 3665 449 3734 corporales.
478 3664 505 3732 5)
521 3663 708 3719 Calamitates
721 3664 885 3731 spirituales
897 3662 974 3730 quod
983 3663 1093 3717 nullam

162 3737 326 3807 eligionem,
345 3737 455 3790 cultum
473 3736 585 3790 nullum
603 3734 778 3789 retinebunt.

876 3823 930 3875 10·
