2575 4225
438 277 564 341 Hoseae
587 278 772 359 prophetae.
1009 280 1074 345 313

132 455 265 518 alesiam
298 460 405 519 essent
437 455 592 519 invectae.
645 454 707 517 Sed
742 454 819 535 quia
852 454 988 521 verbum
1021 480 1074 523 ne-

9 575 16 636 3.
133 545 250 625 glexit,
281 550 314 607 et
345 543 435 608 dedit
461 544 632 608 tentationi
659 544 782 620 locum,
812 543 848 605 in
876 544 1074 611 immensum

10 694 11 718 ἒ
133 633 231 698 erevit
254 633 448 715 superstitio.
496 633 585 708 Quae
608 638 802 714 sequuntur,
832 646 953 715 poenas
975 636 1074 700 idola·

133 722 212 785 triae
236 721 421 785 ostendunt.

232 917 487 983 umiliabitur
516 916 712 1000 superbia
734 918 864 981 Israel
895 919 1073 984 videnti-

250 1007 325 1070 bus
358 1006 471 1089 ipsis.
503 1007 643 1070 ‘Israel
671 1006 774 1069 enim
803 1013 843 1072 et
870 1007 1074 1089 Ephraym

177 1101 293 1160 ruent
315 1096 357 1200 in
380 1094 598 1177 iniquitate
621 1115 705 1173 sua,
729 1102 815 1159 ruet
837 1095 956 1159 etiem
977 1098 1077 1161 Iuda

177 1204 267 1247 enm
290 1204 357 1247 ers.

185 1400 241 1443 aeo
264 1386 313 1443 est
343 1400 448 1461 poena
482 1379 664 1457 idolatriae,
701 1380 789 1461 quod
823 1380 1008 1462 affligentur
1042 1389 1077 1447 et

205 1469 356 1533 amittent
377 1468 578 1549 religionem,
607 1490 759 1551 regnum,
790 1490 884 1553 opes,
908 1478 942 1534 et
964 1472 1076 1534 omnia

134 1578 215 1640 quae
238 1557 431 1621 habuerunt.
479 1558 538 1621 Est
559 1565 670 1622 autem
691 1559 753 1622 hoo
770 1579 807 1622 eo
823 1560 961 1640 gravius,
986 1560 1074 1640 quod

133 1653 264 1730 propter
302 1652 434 1730 peccata
471 1647 533 1710 hoo
571 1648 617 1711 eis
656 1648 820 1725 acciderit,
860 1649 943 1713 siout
981 1650 1073 1715 dicit:

133 1737 241 1799 Ruent
262 1736 298 1798 in
320 1735 492 1817 iniquitate
516 1756 583 1799 sua.
629 1738 789 1817 Utrinque
812 1738 910 1817 igitur
932 1758 1072 1819 praeme-

132 1822 286 1902 bantur,*
307 1844 385 1887 nam
408 1844 524 1907 corpus
545 1825 752 1889 incommoda
775 1826 983 1907 captivitatis,
1008 1828 1073 1889 ani-

133 1935 213 1978 num
248 1920 357 1977 autem
395 1914 590 1977 oonsoientia
626 1915 750 1996 peceati
787 1914 958 1995 torquebit.
1008 1915 1075 1978 Hie

132 2004 207 2077 finis
231 2009 281 2066 est
302 2002 489 2083 impietatis,
515 2003 646 2083 quando
669 2004 813 2083 neglecto
836 2005 933 2068 verbo
955 2004 990 2066 in
1007 2003 1072 2066 ido-

132 2093 263 2157 latriam
285 2092 497 2176 prolabuntur
519 2092 630 2156 animi.

222 2182 338 2245 Differt
366 2187 476 2244 autem
506 2181 657 2246 dominus
685 2202 820 2264 poenas,
856 2189 893 2245 ut
928 2183 1074 2266 spacium

132 2271 350 2353 poenitentiae
388 2270 544 2334 concedat
580 2272 810 2354 peccatoribus.
868 2272 942 2335 Non
985 2274 1082 2335 enim

133 2361 309 2424 delectatur
332 2379 442 2422 eorum
465 2365 576 2436 morte,
601 2361 712 2423 mallet
734 2361 876 2424 converti
898 2380 951 2424 eos
975 2367 1008 2422 et
1029 2362 1073 2423 vi-

10 2506 11 2513 ,
132 2467 215 2514 vere.
262 2448 340 2511 Ideo
363 2454 519 2528 tanquam
542 2454 652 2530 pastor
673 2469 749 2513 voce
772 2449 861 2514 verbi
883 2449 934 2512 sui
949 2450 1075 2528 quaerit

134 2544 275 2600 errantes
305 2537 460 2614 oviculas,
490 2537 548 2600 sed
575 2557 650 2599 oum
677 2537 831 2600 obstinati
859 2543 1012 2619 pergunt,
1041 2545 1075 2602 et

134 2625 371 2690 admonitiones
394 2646 507 2690 omnes
530 2632 757 2703 contemnunt,
782 2627 996 2708 apprehendit
1018 2646 1074 2690 eos

134 2735 203 2778 sera
234 2714 291 2778 sed
321 2717 426 2795 gravis
456 2735 576 2797 poena,
605 2716 667 2780 hoo
694 2716 842 2779 omnium
869 2722 1074 2799 peecatorum
1114 2748 1122 2761 x

135 2810 259 2867 eertum
282 2809 332 2867 est
351 2804 519 2866 iudicium.
1079 2849 1080 2852 ,

223 2893 272 2954 De
293 2892 376 2955 Iuda
398 2893 547 2956 meminit
568 2893 631 2970 hio,
656 2894 733 2973 quia
756 2894 858 2970 enim,
882 2901 920 2957 ut
941 2894 1078 2956 historia

136 2981 292 3058 ostendit,
327 2981 493 3044 idolatriae
521 2982 625 3044 socius
652 2981 730 3058 fuit,
765 2981 864 3044 etiam
898 3001 1076 3063 poenarum

137 3071 279 3150 aliquam
301 3076 428 3152 partem
447 3071 577 3134 sortitus
593 3076 650 3133 est.
689 3070 773 3132 Nam
788 3071 939 3151 Assyrius
954 3071 1076 3134 tribum

137 3157 218 3221 Iuda
241 3159 379 3239 graviter
402 3159 529 3236 afflixit,
554 3159 637 3222 siout
660 3178 701 3221 ex
723 3159 820 3222 Esaia
842 3164 941 3242 patet,

217 3395 265 3436 vn
292 3371 485 3452 gregibus
514 3378 553 3435 et
586 3371 781 3434 armentis
815 3371 903 3435 suis
937 3373 1077 3448 ibunt,

236 3467 281 3525 ut
309 3465 509 3541 quaerant
536 3460 758 3536 dominum,
795 3468 831 3523 et
860 3481 938 3524 non
968 3460 1076 3524 inve-

183 3550 312 3625 nient,
337 3550 533 3613 subduxit
554 3550 661 3612 enim
685 3569 722 3612 se
746 3550 790 3611 ab
814 3550 880 3612 eis.

229 3759 253 3826 *1
272 3759 308 3812 In
325 3775 413 3826 marg.
433 3758 495 3813 ooll.
514 3760 590 3813 Ien.:
607 3757 826 3812 Premebuntnr.
