2575 4225
220 259 263 321 44
538 252 642 335 Caput
665 250 841 333 septimum

577 431 622 493 Ut
644 426 798 493 extendat

221 537 381 627 [Insuperz
405 538 525 601 scilieet
547 535 612 617 rex]

358 717 494 761 manum
517 715 609 759 suam
632 714 707 758 eum
729 692 913 757 illusoribus
934 692 1015 768 istis,

219 807 253 869 id
277 812 339 869 est:
363 802 654 886 pseudoprophetis
677 801 735 882 qui
758 801 917 865 seducunt
938 798 1108 881 populum.

445 966 526 1028 Tota
548 969 642 1026 nocte
666 961 819 1026 dormivit
841 955 930 1037 etc.‚¹

218 1073 253 1134 id
276 1078 339 1137 est:
363 1073 428 1136 mei
445 1066 608 1157 [Insuperz
632 1068 752 1132 scilicet
774 1062 858 1152 falsi]
883 1066 1058 1149 prophetae
1081 1073 1164 1130 sunt

219 1182 306 1224 nune
329 1180 437 1225 secure
460 1166 497 1222 ut
519 1159 621 1240 pistor
642 1158 691 1223 ber
712 1154 881 1239 culpemur&
901 1155 959 1237 Iret.

636 1318 742 1392 Mane,

162 1474 165 1479 .
219 1425 253 1487 id
284 1431 333 1487 est
361 1425 508 1505 sequenti
542 1430 687 1505 tempore
721 1422 872 1485 omnibus
905 1424 1066 1503 persuasis
1096 1429 1158 1485 etc.

219 1514 385 1576 Sententia
408 1512 492 1575 clara
507 1517 555 1575 θεῖ
577 1519 635 1575 etc.
683 1512 753 1574 Rex
767 1512 918 1592 Assyrius
940 1511 981 1592 Ῑαῐ
995 1512 1047 1577 ben
1060 1509 1161 1592 lumen

220 1600 283 1668 nnt'
296 1602 350 1667 ῖεε
372 1601 447 1667 hrntt
469 1600 593 1683 italien:
617 1634 662 1647 —

493 1762 612 1824 Omnes
636 1760 781 1823 calefacti
804 1754 883 1823 θῖθ.2

309 1850 390 1914 Ozea
403 1850 451 1915 ter
466 1850 565 1933 Innuet
578 1850 614 1915 tn
635 1849 720 1911 dixit
734 1869 794 1914 nos
809 1850 977 1939 perituros,
1000 1846 1082 1911 nihil
1097 1855 1159 1911 θεῖ.

615 2009 752 2084 ludicen,

220 2119 277 2197 qui
299 2116 446 2180 iudicant
467 2121 560 2192 recte,
585 2114 699 2196 mulien
722 2116 876 2197 unlustau:
903 2151 946 2160 -

566 2274 686 2338 Omnes
708 2295 807 2355 reges,

218 2400 249 2460 q.
266 2380 297 2443 d.
316 2378 368 2453 itta
383 2379 454 2460 nicht
469 2379 514 2447 ein
528 2381 673 2459 Sumeret!
694 2382 781 2461 quod
797 2401 907 2445 omnes
923 2401 1013 2461 reges
1028 2381 1157 2458 cadant,

217 2469 304 2552 fallen
327 2469 380 2537 ulte
402 2469 503 2553 buhun.
549 2472 631 2534 bene
656 2473 797 2533 clamant
823 2472 883 2534 sub
914 2471 1045 2532 nomine
1072 2491 1156 2547 meo,

218 2558 274 2622 sed
297 2579 363 2620 nen
387 2559 503 2622 adme
527 2566 585 2621 etc.

591 2719 618 2780 E
642 2713 777 2781 hraim³

218 2823 390 2905 applicatio
414 2740 650 2888 similitudini}
676 2770 833 2907 Ephiaim
856 2833 905 2890 est
926 2827 1048 2888 mixtus
1070 2826 1156 2888 inter
1206 2877 1209 2883 ,

216 2912 363 2995 populos,
383 2912 539 2984 Sebermun
548 2911 609 2997 {sill
619 2912 669 2995 ian
681 2921 713 2977 et
724 2915 918 2996 dispergitur
930 2915 1084 2994 undique,
1095 2935 1155 2995 pro

414 3073 647 3140 Subcineritius
670 3075 809 3137 cibarius
832 3075 958 3150 melius,

216 3176 251 3238 id
266 3183 327 3240 est:
353 3179 508 3259 Ephraim
529 3188 577 3244 est
592 3201 665 3243 esca
680 3183 783 3246 laetus
799 3182 946 3244 omnium
961 3180 1155 3262 populorum

216 3267 404 3346 praesertim
428 3270 510 3348 regis
533 3271 667 3348 Assyrii.
701 3316 710 3327 ,

509 3428 566 3506 qui
589 3449 655 3491 non
678 3438 863 3508 reversatur,

64 3543 113 3624 *r'J
177 3539 179 3542 ·
216 3528 250 3591 id
274 3536 338 3594 est:
361 3553 427 3594 nen
451 3540 595 3598 mutatur
618 3541 676 3598 etc.
702 3557 827 3618 semper
851 3538 1038 3600 comeditur.

82 3637 114 3655 β’

76 3649 135 3678 ‘'a‘'
215 3651 429 3665 *uu—*—

307 3704 334 3773 1)
353 3723 378 3762 v.
399 3706 423 3767 6.
461 3707 489 3775 2)
506 3725 533 3763 v.
554 3709 595 3764 7.,
614 3709 642 3778 3)
661 3727 687 3765 v.
708 3709 732 3763 8.
