2575 4225
426 332 552 396 Hoseae
574 334 759 415 prophetae.
998 336 1062 399 259

8 554 11 585 ,
120 511 173 571 lex
196 508 355 586 ostendit,
380 510 467 590 quod
491 516 671 592 peccatores
695 510 830 574 abiicere
853 518 886 574 et
908 512 1060 577 damnare

119 598 206 662 velit.
254 597 329 660 Non
344 605 393 661 est
415 618 467 675 ea,
492 600 790 679 quamostendunt
812 600 987 682 corporalia
1009 602 1060 664 be-

119 686 250 764 neficia,
281 684 422 749 conditio
444 693 565 764 rerum,
597 688 744 751 liberatio
767 687 853 751 faeta
875 689 985 752 Israeli
1008 710 1060 772 op·

119 794 229 855 presso
257 775 298 837 ab
326 772 522 857 Aegyptiis.1
578 776 640 838 Sed
670 796 769 857 qnam
799 777 940 841 ostendit
968 778 1062 843 nobis

8 877 9 950 Q
119 864 204 925 fflius
228 864 295 939 dei,
320 865 377 943 qui
400 863 495 942 dicit,
527 864 625 927 deum
649 866 695 927 sic
717 864 866 929 dilexisse
888 867 1060 944 mundum,

8 959 10 986 '
84 1006 89 1019 .
118 959 155 1015 ut
176 952 385 1032 unigenitum
413 972 508 1017 suum
538 954 642 1016 filium
665 953 773 1030 daret,
804 959 842 1016 ut
870 956 976 1017 omnis
1003 956 1061 1035 qni

119 1041 219 1103 credit
241 1040 277 1101 in
294 1060 378 1117 eum,
403 1062 469 1104 non
491 1047 610 1122 pereat,
634 1040 692 1104 sed
706 1043 826 1105 habeat
839 1042 941 1106 vitam
964 1051 1060 1107 aeter-

8 1200 10 1226 ἶ
118 1149 204 1191 nam.
253 1129 331 1192 ldeo
346 1130 491 1192 Christus
515 1149 643 1212 quoque
667 1124 782 1193 dioitz'
817 1130 920 1194 Nemo
947 1150 1060 1211 cogno-

119 1219 177 1281 scit
199 1224 336 1299 patrem,
364 1218 427 1281 nisi
449 1219 550 1296 filius,
575 1224 608 1281 et
629 1220 683 1281 oni
705 1219 790 1282 filius
805 1220 891 1283 volet
912 1222 1059 1285 revelare.

117 1306 207 1369 Haec
238 1312 288 1369 est
325 1308 464 1387 cognitio
495 1308 598 1388 pacti,
647 1308 734 1388 quod
769 1306 848 1371 dens
890 1308 1060 1371 nobiseum
1166 1322 1172 1332 ’

8 1407 10 1478 g
117 1401 231 1476 pactus
254 1401 316 1472 est,
348 1396 435 1476 quod
457 1396 535 1460 velit
556 1402 689 1478 peccata
712 1397 900 1474 condonare,
923 1398 1059 1460 liberare

8 1485 9 1548 l
118 1484 311 1566 apericulis,
328 1484 525 1561 benefacere,
542 1491 575 1547 et
587 1485 794 1549 miseratione
809 1486 908 1567 tangi,
928 1493 1060 1569 propter

8 1567 9 1648 ,
118 1569 223 1635 filium
250 1592 364 1650 suum,
394 1574 431 1635 in
460 1593 559 1655 quem
586 1574 756 1637 oredimus.
803 1574 855 1638 Sic
882 1576 1058 1658 prophetae

8 1699 10 1743 3
118 1661 279 1743 eleganter
300 1667 334 1724 et
349 1661 472 1725 erudite
491 1663 759 1726 commendarunt
774 1663 840 1726 suis
856 1663 1057 1727 auditoribus

8 1750 9 1830 l
118 1757 149 1811 et
169 1750 308 1831 posteris
330 1770 442 1813 eorum
473 1750 653 1813 doctrinam
680 1750 772 1827 fidei,
807 1751 871 1831 legi
894 1758 1003 1814 autem
1026 1759 1059 1815 et

118 1838 268 1920 operibns
296 1840 414 1902 nostris
442 1839 629 1921 simpliciter
659 1840 792 1919 gloriam
821 1839 1057 1903 iustificationis

8 1927 9 1998 ξ
116 1927 151 1988 in
173 1933 280 1990 totum
304 1927 502 1991 ademerunt.

207 2106 227 2149 r
256 2087 334 2152 erit
355 2088 398 2151 in
429 2086 491 2150 die
514 2087 585 2151 illo
607 2086 837 2163 exaudiam,
862 2085 968 2152 dicit
990 2086 1055 2151 do·

222 2178 368 2253 minus,
392 2177 603 2240 exaudiam
618 2176 766 2254 coelos,
790 2182 830 2240 et
852 2176 1056 2240 illiexan·

159 2265 279 2329 dient
300 2272 462 2343 terram,
486 2272 648 2329 etterra
671 2264 1055 2330 exaudietfrumen·

159 2361 258 2432 tum,
292 2359 463 2418 mustum
499 2361 539 2418 et
568 2355 710 2431 oleum,
744 2361 783 2418 et
814 2355 911 2418 haec
937 2373 1054 2417 exau-

158 2443 274 2509 dient
296 2442 456 2512 Iezreel.

157 2621 201 2666 on
223 2608 338 2685 potest
346 2603 505 2684 propheta
518 2601 629 2666 satiari
644 2600 946 2666 commemoratione
961 2601 1055 2664 bene·

8 2716 9 2765 l
180 2692 329 2755 doiorum
352 2693 427 2757 novi
442 2692 636 2754 testamenti.
675 2690 754 2754 Ideo
776 2695 886 2754 autern
900 2697 1061 2773 perpetuo

112 2781 239 2844 confert
261 2801 308 2856 ea,
332 2800 407 2844 oum
426 2779 589 2843 beneficiis
611 2779 727 2844 veteris
742 2779 864 2864 populi,
887 2785 925 2842 ut
948 2799 1054 2842 acoen-

8 2882 9 2897 ²
112 2869 170 2934 dat
184 2869 312 2932 animos
330 2889 462 2932 snorum
477 2876 546 2932 tam
567 2868 732 2931 luculenta
748 2887 815 2949 spe,
839 2874 873 2932 et
887 2868 1055 2930 confirmet

8 3027 13 3039 ,
112 2977 167 3021 eos
198 2963 311 3020 eontra
345 2958 401 3019 illa
432 2957 654 3034 incommoda,
695 2975 778 3036 quae
812 2955 1053 3036 impendebant.

8 3043 9 3133 l
116 3041 251 3127 ³Itaque
273 3045 321 3126 pii
336 3046 488 3109 omnibus
510 3045 710 3127 temporibus
733 3045 768 3106 in
790 3044 850 3106 has
868 3042 1064 3124 prophetias

8 3136 9 3152 ³
111 3136 334 3211 intuebantur,
351 3141 383 3198 et
395 3155 452 3216 spe
463 3133 710 3211 misericordiae,
728 3149 811 3213 quae
826 3151 884 3214 per
890 3131 1054 3194 Christum

8 3256 9 3272 ,
110 3224 238 3286 mundo
260 3223 441 3287 obventura
459 3229 536 3301 erat,
560 3223 596 3286 in
618 3221 845 3286 communibus
868 3220 1054 3284 calamitati·

111 3313 183 3375 bus.
198 3330 234 3375 se
256 3313 513 3375 consolabantur.

178 3393 184 3402 ⁴
203 3401 275 3464 lltsi
297 3401 386 3463 enim
400 3407 533 3464 externa
555 3398 705 3463 ecclesiae
720 3399 825 3462 forma
846 3418 912 3461 non
928 3415 1055 3478 semper

200 3488 329 3566 eadem,
359 3495 469 3552 tamen
491 3489 605 3552 eadem
623 3506 754 3576 semper
776 3507 868 3553 verae
890 3485 1053 3548 doctrinae

206 3663 232 3733 1)
251 3663 329 3720 Vera
346 3662 393 3717 dei
412 3662 526 3718 noticia.
563 3661 592 3731 2)
610 3661 715 3715 Matth.
730 3661 771 3714 11.
808 3659 837 3728 3)
857 3657 915 3713 Cur
933 3657 1053 3726 prophe·

167 3739 255 3860 ’tgldt
278 3734 431 3802 diligenter
459 3739 489 3831 et
514 3749 600 3802 saepe
634 3733 670 3788 de
700 3747 788 3800 regno
811 3729 920 3786 Christi
947 3728 1054 3784 concio-

841 3889 891 3943 17·
