2575 4225
440 289 566 355 Hoeeae
589 290 772 371 prophetae.
1015 293 1074 353 161

140 463 364 532 ¹Oonvertaris
397 467 497 547 igitur
529 474 567 531 tu
601 486 730 546 quoque
765 466 807 530 ad
840 465 940 530 deum
974 473 1076 532 tuum.

134 556 388 624 Beneficentiam
422 563 455 620 et
487 557 645 619 iudicium
675 554 814 633 custodi,
851 562 884 619 ot
917 576 1011 639 spera
1043 559 1077 620 in

136 646 236 709 deum
259 652 355 709 tuum
377 665 513 727 semper.

226 733 290 798 Sed
321 740 370 798 oet
392 734 559 812 thannan,
589 734 626 798 in
656 753 757 798 manu
786 734 855 798 cius
884 741 933 799 eet
962 741 1079 818 statera

135 824 265 899 dolosa,
305 822 421 904 cupide
459 824 559 887 infert
590 824 734 887 iniurias.
786 824 838 887 Sic
875 824 963 887 enim
1001 825 1080 890 dicit

137 912 312 994 Ephraim:
337 912 433 977 Dives
455 933 529 976 sum
549 914 664 988 factus,
688 913 797 976 inveni
812 913 894 976 mihi
909 933 995 994 opes,
1020 936 1079 978 nec

136 1001 322 1066 inveniebar
343 1001 379 1064 in
401 1001 527 1067 cunctis
548 1002 718 1067 laboribus
736 1003 816 1065 meis
846 1003 897 1065 ve]
924 1003 1079 1083 iniquitas

137 1091 189 1155 vel
211 1096 391 1172 peccatum.

233 1173 296 1242 ²Et
317 1199 376 1259 ego
397 1179 550 1242 dominus
568 1178 649 1242 dens
665 1183 750 1256 tuus,
775 1198 816 1240 ex
831 1182 915 1242 terra
929 1180 1077 1262 Aegypti,

6 1262 7 1269 '
137 1270 197 1348 qui
224 1273 257 1330 te
284 1268 391 1331 adhuc
420 1268 529 1331 sedere
557 1267 641 1331 facio
676 1268 711 1330 in
745 1267 960 1332 tabernaculis
994 1277 1079 1333 certo

138 1363 295 1438 tempore,
319 1363 352 1419 at
372 1357 485 1437 loquor
507 1377 583 1420 cum
599 1355 776 1438 prophetis.
816 1357 884 1436 Ego
900 1340 1079 1440 multiplico

6 1481 7 1509 t
138 1446 307 1522 visionem,
334 1452 367 1508 et
389 1465 446 1526 per
467 1445 685 1508 ministerirnn
708 1445 939 1526 prophetarum
958 1467 1011 1509 me
1026 1468 1078 1528 pa·

6 1545 8 1601 t
137 1535 265 1598 tefacio.
313 1534 375 1596 Sed
398 1535 434 1596 In
457 1533 572 1597 Gilead
594 1541 643 1598 eet
665 1534 829 1614 iniquitas.
877 1535 963 1598 Vani
993 1536 1079 1598 enim

6 1620 8 1705 ξ
135 1623 216 1687 facti
257 1629 342 1686 eunt.
400 1623 440 1684 In
478 1623 583 1703 Gilgal
623 1643 751 1702 quoque
791 1623 927 1687 imolant
970 1624 1078 1702 boves,

6 1734 7 1790 j
136 1718 171 1774 et
215 1711 329 1774 altaria
372 1731 484 1775 eorum
526 1717 606 1775 sunt
648 1711 731 1775 sicut
768 1712 872 1775 acenu'
909 1714 944 1775 in
982 1715 1078 1777 sulcis

136 1794 317 1880 agrorum.³
407 1835 413 1848 .

230 1883 350 1969 4Fugit
370 1889 467 1952 Iacob
489 1890 525 1952 in
549 1909 662 1968 agrum
686 1889 805 1969 Syriae,
829 1895 862 1953 et
883 1890 1014 1955 servivit
1036 1890 1078 1952 Ie-

6 1994 7 2031 t
136 1979 203 2040 rael
225 1985 357 2060 propter
385 1997 534 2054 uxorem,
562 1985 692 2059 propter
719 1997 853 2041 uxorem
881 1983 987 2041 custos
1016 1978 1079 2041 fuit

136 2068 272 2149 pecoris.
332 2067 454 2131 Eduxit
492 2071 601 2130 autem
638 2066 790 2131 dominus
827 2068 978 2131 Israelem
1022 2087 1079 2149 per

6 2179 7 2229 ς
135 2158 342 2239 prophetm
366 2163 400 2219 et
419 2153 479 2239 per
501 2157 694 2238 prophetam
717 2155 895 2219 custoditus
918 2164 976 2220 eet.
1016 2156 1078 2219 Sed

6 2255 13 2347 μ’
137 2245 298 2327 Ephraim
320 2246 425 2309 irritat
447 2246 545 2309 deum
568 2266 626 2327 per
648 2245 743 2321 idola,
767 2245 841 2308 ideo
864 2247 994 2326 sanguis
1010 2246 1079 2309 eius

6 2353 7 2374 ¹
137 2355 236 2417 super
258 2335 369 2416 ipsum
392 2334 587 2411 effundetur,
617 2341 650 2398 et
672 2334 890 2416 blasphemiae
913 2336 981 2397 eius
1013 2334 1078 2397 red·

137 2423 195 2486 det
217 2425 247 2487 ei
271 2424 423 2487 dominus
446 2424 538 2487 eius..

567 2690 658 2752 XIII.

138 2830 229 2944 cvm
252 2834 436 2936 loqueretur
450 2831 607 2915 Ephraim
628 2828 797 2906 horrenda,
822 2829 975 2931 efferebat
998 2848 1031 2891 se
1046 2828 1081 2891 in

197 2922 307 2985 Israel.
351 2915 494 2984 ⁵De1nde
517 2921 671 3004 peccabat
686 2917 818 2981 colendo
833 2918 921 2993 Baal,
945 2917 1082 2996 1deoque

6 3010 20 3095 a
138 3018 288 3073 mortuus
320 3016 377 3073 est.
423 3010 517 3072 Nunc
550 3016 660 3073 autem
694 3008 833 3088 amplius
867 3010 1014 3087 peccant,
1051 3011 1083 3067 et

6 3101 22 3158 '-
139 3100 268 3162 faciunt
291 3098 353 3162 sibi
376 3098 537 3161 conflatile
560 3118 602 3160 ex
617 3102 831 3177 argentomo,
857 3093 1083 3156 ctaccundum
1154 3150 1156 3155 .

138 3188 337 3252 industriam
360 3206 453 3250 suam
476 3188 647 3268 sculptilia.
694 3185 783 3267 Opus
807 3183 966 3245 artificum
988 3180 1022 3245 id
1038 3188 1082 3246 to·

138 3283 212 3340 tum
236 3283 295 3340 est.
339 3269 404 3339 ⁶De
426 3276 479 3339 his
502 3276 733 3339 concionantur
746 3272 820 3355 ipsi,
845 3270 902 3352 qui
917 3268 1082 3335 hominem

189 3453 360 3463 -...---.

233 3557 259 3625 1)
271 3556 402 3623 Insignis
413 3555 583 3611 exhortatio.
610 3554 639 3622 2)
653 3552 782 3607 Verbum
794 3567 891 3607 meum
903 3550 986 3606 vobis
999 3551 1083 3621 dono,

181 3627 196 3681 i
219 3644 272 3683 voe
296 3645 356 3681 non
385 3626 601 3695 amplectimini.
638 3624 666 3692 3)
693 3624 756 3679 Hoc
781 3628 837 3691 est,
866 3626 934 3677 sunt
961 3622 1083 3677 infinita.

191 3699 278 3753 Redit
303 3699 341 3752 ad
366 3699 531 3766 exemplum
558 3696 653 3753 Iacob.
690 3695 718 3762 5)
744 3694 912 3749 Idolatriam
939 3694 970 3749 in
997 3709 1084 3761 regno

193 3770 235 3822 ael
252 3769 376 3824 subinde
394 3774 508 3824 auctam
525 3786 590 3823 esse
606 3766 740 3822 ostendit.
778 3766 806 3833 6)
819 3766 915 3820 Poena
926 3764 1085 3821 idolatriae.

201 3869 273 3909 utheri
287 3879 336 3918 opp.
350 3871 434 3917 axegot
463 3868 512 3908 Vol.
525 3866 602 3907 XXIV.
889 3853 922 3906 11
