2575 4225
22 525 25 656 l

419 252 545 333 Hoseae
566 270 751 351 prophetae.
989 268 1051 333 217

126 452 226 509 eut
278 451 426 511 terram
478 446 713 524 desolatam,
765 453 802 509 et
851 464 934 509 eam
980 447 1054 511 siti

160 554 348 598 enecem.·

118 708 241 821 *Haec
264 718 313 777 est
335 714 434 779 altera
456 734 530 795 pars
552 714 739 791 sententiae,
763 714 799 775 in
821 734 886 793 qua
908 734 975 777 non
986 721 1053 777 tan·

206 808 279 863 tum
294 809 525 866 commemorat
539 810 718 884 peccatum,
737 802 793 866 sed
809 803 907 865 etiam
922 823 1052 884 poenas,

117 910 197 970 quae
227 891 371 971 profecto
399 892 568 955 horribiles
591 898 682 968 sunt,
713 911 749 955 ac
772 892 818 953 ite
846 892 1056 955 convenimus

117 998 190 1042 cum
212 986 347 1056 eventu,
376 987 414 1044 ut
436 982 535 1044 etiam
558 981 704 1043 nolentes
734 980 876 1045 volentes
906 1000 1054 1060 agnosca

116 1088 187 1130 mus
216 1068 375 1132 iudicium
404 1070 457 1133 dei
487 1088 584 1151 super
611 1067 812 1133 incredulam
846 1088 1052 1149 synagogam.

208 1151 386 1221 ¹Pa1ticula
415 1159 462 1221 Mi
489 1158 618 1240 poneba
652 1179 672 1221 a
700 1158 781 1221 facie
812 1176 886 1233 sua,
923 1158 1054 1221 Ebraeis

116 1246 328 1309 usitatissima
361 1253 419 1311 est.
471 1248 544 1311 Hoc
577 1255 687 1310 autem
720 1248 756 1309 iu
789 1247 858 1311 loco
894 1252 980 1309 certa
1008 1267 1054 1309 ra·

115 1334 201 1397 tione
236 1334 364 1399 videtur
396 1336 510 1417 posita.
557 1336 647 1399 Sicut
680 1341 755 1417 post
788 1336 887 1398 etiam
913 1334 1052 1411 additur,

22 1425 24 1452 '
115 1422 227 1486 Miben
250 1424 413 1487 sehadeha
435 1425 477 1487 ab
499 1426 652 1490 uberibus
669 1426 745 1488 suis.
785 1424 951 1504 Significat
966 1425 1054 1487 enim

22 1821 23 1866 1

22 1881 24 1923 t

22 2019 24 2084 Ι

118 2598 199 2658 quae
221 2600 328 2661 poena
350 2588 564 2660 consequetur
585 2580 742 2644 tandem?

116 1517 147 1572 et
167 1513 271 1575 oculis
299 1532 357 1576 seu
387 1514 469 1577 facie
500 1520 533 1577 et
560 1514 713 1577 uberibus
742 1514 833 1576 abuti
863 1513 905 1577 ad
934 1514 1053 1577 adulte·

116 1601 209 1663 rium.
261 1595 375 1665 5'Recte
398 1609 507 1665 autem
531 1604 640 1667 oculos
662 1603 884 1666 transferimus
907 1602 948 1664 ad
975 1602 1054 1664 fidu-

116 1690 207 1766 ciam,
237 1710 322 1770 quae
343 1690 404 1755 dec
427 1691 569 1767 debetur,
594 1692 651 1754 sed
675 1691 715 1754 ab
738 1691 883 1753 idolatris
906 1692 1054 1755 transfer·

116 1783 167 1840 tur
208 1779 250 1841 ad
291 1786 459 1843 creaturas.
518 1774 660 1843 8Deinde
694 1780 794 1842 ubera
827 1779 869 1841 ad
903 1780 1055 1841 alendum

117 1867 241 1930 foetum
264 1868 415 1931 foeminis
438 1875 515 1931 sunt
537 1870 667 1945 donata,
691 1868 789 1951 igitur
804 1868 987 1948 significant
1001 1868 1055 1930 do-

117 1957 254 2019 ctrinam
283 1978 340 2019 seu
369 1958 514 2022 verbum.
560 1958 726 2021 Pertinent
757 1962 867 2020 autem
900 1957 980 2019 haee
1015 1954 1056 2017 ad

118 2044 349 2128 descriptiones
371 2047 520 2109 adulterii
543 2052 575 2111 et
595 2045 826 2122 fornicationis,
851 2044 891 2107 de
907 2062 972 2125 qua
987 2065 1056 2126 prc-

116 2136 214 2215 pheta
237 2136 326 2199 dicit.
372 2137 456 2199 Nam
478 2143 653 2218 postquam
676 2135 852 2198 discessum
875 2141 924 2198 est
945 2135 1054 2211 adeo,

118 2230 148 2285 et
176 2225 297 2287 fiducia
323 2226 477 2289 translata
504 2226 540 2288 in
567 2231 728 2289 creaturas
762 2225 822 2304 (sic
856 2225 944 2286 enim
977 2245 1056 2288 voco

118 2314 236 2389 cultus,
268 2333 350 2393 quos
380 2315 444 2395 ipsi
471 2315 565 2377 nobis
596 2314 665 2377 sine
694 2314 790 2378 verbo
814 2313 867 2377 dei
889 2313 1056 2393 fingimus)

117 2408 228 2481 postea
251 2403 405 2482 sequitur,
429 2410 466 2466 ut
489 2403 587 2466 etiam
610 2403 745 2467 verbum
761 2403 936 2483 depravent
951 2401 1055 2481 impii,

118 2495 148 2552 et
178 2491 225 2553 sic
251 2491 352 2554 ubera
382 2512 441 2555 sua
468 2493 636 2560 conferant
667 2491 708 2553 ad
743 2489 946 2553 adulterium.
994 2489 1055 2550 Sed

120 2751 300 2866 ‘²Pflimum
323 2765 381 2835 est,
406 2757 493 2839 quod
516 2759 659 2821 minatm
681 2758 841 2834 dominus,
866 2777 900 2820 se
916 2777 989 2824 eam
1003 2778 1056 2838 pe·

197 2848 288 2910 nitus
310 2846 565 2923 denudaturum,
590 2852 623 2910 et
645 2847 826 2928 positurum
848 2851 887 2909 ut
909 2846 951 2909 sit
974 2847 1057 2913 sicut

29 2947 36 2958 ’
119 2954 153 2997 66
176 2936 229 2998 die
254 2956 320 3016 quo
342 2941 419 3000 nata
442 2941 500 2999 est.
547 2936 599 2997 Ex
619 2936 682 2999 hoe
697 2936 824 2997 Hoseae
846 2934 915 2996 loco
930 2934 1057 2998 videtur

119 3023 292 3088 Ezechielis
319 3025 481 3107 praeclara
510 3024 565 3086 illa
591 3023 702 3087 concio
736 3028 813 3086 ncta
846 3022 950 3102 capite
982 3015 1052 3084 16.5

119 3111 222 3175 Radix
245 3119 303 3176 tua
325 3119 358 3176 et
380 3113 542 3193 generatio
565 3117 623 3175 tua
644 3112 685 3175 dc
704 3118 788 3175 terra
804 3110 943 3188 Oanaan,
967 3116 1061 3193 pater

25 3187 41 3255 *f
120 3206 192 3265 tuus
218 3203 414 3265 Amorraeus
443 3206 477 3264 et
509 3207 612 3265 mater
646 3208 703 3265 tua
731 3199 873 3284 Oetthea.
920 3199 1058 3274 Quando

205 3412 234 3481 1)
262 3414 289 3465 A
314 3411 386 3466 facie
415 3427 474 3466 sua.
511 3410 540 3479 2)
567 3409 656 3464 Oculi.
693 3409 721 3478 3)
748 3409 852 3462 Ubera.
888 3407 916 3474 4)
944 3409 1058 3460 Poenae

173 3485 276 3551 *empti
294 3483 437 3550 evangelii
455 3483 532 3550 apud
550 3481 681 3536 Iudaeos.
719 3481 747 3549 5)
765 3481 857 3534 Locus
876 3480 940 3532 Ere.
961 3478 1002 3531 16.

206 3677 232 3746 ⁸)
258 3679 295 3731 In
317 3693 406 3745 marg.
432 3677 495 3732 coll.
518 3677 594 3730 Ien.:
628 3676 749 3730 Peccata
773 3679 803 3729 et
828 3690 927 3730 eorum
948 3690 1058 3742 poenas

181 3753 329 3804 memorat.
