2575 4225
82 230 85 233 ’
190 219 259 282 ’408
519 218 624 300 Caput
648 217 812 280 decimum

192 416 269 461 nem
292 403 325 460 et
347 396 539 477 sanguinem
567 394 839 468 circumferimus,
868 398 999 473 peceato
1028 412 1140 459 carere
1225 384 1230 391 ’
1272 376 1274 385 ’

192 508 260 550 non
287 486 448 566 possimus
476 484 669 564 (seeundum
693 482 903 547 sententiam:
940 476 1137 554 ,¹s1dixeri-
1257 560 1260 567 .

191 595 266 637 mus
288 594 348 637 nos
370 594 439 637 non
459 573 578 636 habere
600 577 784 653 peecatum,
816 590 875 635 nos
898 570 986 653 ipsos
1017 571 1139 653 desipi-

192 683 285 739 mus,
300 669 334 726 et
355 663 472 727 veritas
494 681 562 725 non
584 666 634 724 est
655 661 691 723 in
714 658 820 739 nobis)
846 680 913 723 non
935 665 1043 741 potest
1066 679 1140 723 esse

194 751 257 814 alia
279 756 390 815 nostra
410 744 567 827 iusticia,²
594 770 694 830 quam
717 749 805 830 quod
827 756 959 831 peecata
982 768 1065 830 quae
1080 750 1139 811 ha—

193 842 308 903 bemus
338 848 414 904 non*
432 841 653 922 imputantur,
686 838 743 902 sed
766 837 999 902 condonantur.
1046 837 1141 902 Siout

194 924 330 1000 Paulus⁸
353 929 592 992 ,beatitudinem
614 927 728 991 definit
749 947 795 990 ex<
813 927 893 1009 psal,
919 922 1008 989 32:¹⁰¹*

284 1018 402 1082 Sumus
425 1018 524 1098 igitur
546 1018 638 1093 iusti,
667 1038 735 1080 non
758 1016 851 1097 quasi
873 1021 1043 1097 peecatum
1068 1036 1137 1079 non

194 1107 381 1184 habeamus,
405 1108 541 1187 singulis
564 1106 652 1169 enim
675 1105 849 1169 momentis
872 1124 954 1187 opus
976 1104 1140 1168 habemus

193 1198 256 1260 hae
271 1198 427 1260 oratione:
450 1196 591 1259 Remitte
606 1194 700 1258 nobis
716 1194 826 1257 debita
839 1200 958 1271 nostra,
975 1194 1032 1257 sed
1047 1194 1137 1274 quod

194 1292 327 1367 peecata
350 1304 433 1365 quae
454 1285 631 1360 habemus,
656 1304 723 1347 non
744 1283 961 1365 imputantur,
985 1282 1043 1345 sed
1065 1303 1139 1364 pro-

195 1380 267 1455 pter
288 1374 389 1435 fidem
410 1374 446 1435 in
469 1373 633 1436 Christum
663 1372 895 1435 condonantur·
941 1372 1026 1433 Nam
1049 1372 1140 1433 Chri—

196 1468 264 1525 stus
286 1462 385 1525 huius
407 1462 554 1523 iusticias
577 1462 652 1524 fons
675 1466 707 1523 et
730 1461 817 1540 origo
841 1465 899 1529 est.
944 1461 1043 1522 Huno
1062 1480 1139 1523 cum

153 1555 154 1558 ’
195 1556 394 1630 peecatores,
426 1555 583 1631 tanquam
613 1551 651 1612 in
678 1548 802 1613 deserto
826 1550 867 1612 ab
891 1549 1058 1629 aspidibus
1081 1548 1139 1612 ioti

18 1640 21 1643 ’
133 1722 137 1725 ³
196 1657 337 1701 aeneum
356 1645 552 1721 serpentem,
584 1640 769 1715 intuentur,
798 1658 874 1700 oum
896 1643 1045 1702 statuunt
1065 1657 1142 1719 poe-

197 1748 275 1791 nam
305 1728 429 1810 peooati
457 1729 509 1792 sui
537 1728 701 1791 Christum
727 1728 763 1789 in
798 1746 928 1807 corpore
963 1746 1021 1789 suo
1055 1726 1142 1789 exol-

196 1819 296 1895 visse,
321 1837 358 1880 ae
380 1817 479 1880 deum
497 1823 632 1900 propter
654 1817 763 1897 ipsum
786 1835 846 1879 nos
868 1821 1068 1896 recepturos,
1092 1816 1142 1878 iu—

196 1906 391 1983 stificantur,
405 1959 409 1965 .
422 1908 483 1969 hoa
505 1912 569 1983 est,
597 1911 729 1987 peccata
757 1904 802 1967 eis
831 1925 899 1967 non
925 1905 1142 1986 imputantur,

198 2003 231 2059 et
256 1996 418 2058 habentur
451 2016 509 2077 pro
543 1994 648 2058 iustis.
693 1995 764 2057 Imo
799 2012 907 2055 revera
940 1994 1019 2056 iusti
1053 1998 1142 2070 sunt,

199 2083 276 2165 quia
304 2089 437 2166 peccata
466 2085 612 2167 ipsorum
638 2104 706 2148 non
735 2082 771 2146 in
799 2082 880 2164 ipsis
903 2081 1044 2164 amplius
1066 2081 1143 2145 hae-

199 2179 284 2250 rent,
315 2173 372 2236 sed
399 2173 436 2236 in
458 2174 600 2250 Christo,
631 2172 810 2237 secundum
831 2171 986 2234 Iohannis
1014 2177 1144 2234 senten·

198 2263 293 2325 tiam:
329 2261 412 2325 Ecce
434 2282 537 2343 agnus
560 2262 627 2340 dei,
651 2262 709 2342 qui
731 2261 815 2325 tollit
837 2265 969 2343 peecata
990 2254 1139 2323 munds*

289 2350 379 2414 Siout
401 2357 510 2415 autem
532 2351 629 2415 hodie
653 2348 826 2415 adversarii
848 2348 951 2412 nostri
973 2349 1072 2412 aliam
1094 2349 1143 2412 iu·

200 2441 310 2503 sticiae
341 2440 575 2522 comparandae
603 2441 690 2504 viam
719 2438 909 2515 ostendunt,
940 2438 1007 2500 imo
1034 2438 1143 2519 ipsam

199 2529 363 2592 iusticiam
385 2549 515 2610 prorsus
539 2529 637 2592 aliam
659 2529 796 2608 fingunt,
825 2526 986 2607 siquidem
1009 2527 1143 2607 qualita-

200 2624 268 2681 tem
302 2637 370 2680 essa
405 2622 569 2694 statuunt,
609 2623 642 2680 et
675 2637 744 2680 non
766 2617 1042 2698 imputationem.
1092 2616 1146 2678 Ita
1272 2629 1274 2702 }

199 2705 363 2768 Israelitae
385 2725 514 2786 quoque
537 2727 612 2779 non,
627 2705 800 2769 eredebant
821 2705 1046 2770 remissionem
1071 2724 1147 2786 pes·
1272 2715 1274 2788 j

201 2798 347 2856 catorum
369 2813 427 2875 per
449 2794 600 2859 Messiam
619 2792 848 2865 exhibendam
875 2793 946 2864 orbi
974 2799 1146 2869 terrarum,
1272 2789 1274 2856 3

202 2881 259 2946 sed
290 2883 476 2948 statuebant
506 2884 584 2947 satis
612 2903 681 2946 esse
716 2881 870 2946 sacrificia
904 2902 964 2945 sua
997 2888 1030 2946 et
1064 2882 1148 2944 ahos

201 2978 273 3034 tum
296 2971 410 3048 cultus,
435 2979 506 3036 turn
529 2973 673 3036 virtutes.
720 2971 875 3036 Radieem
903 2971 1002 3051 igitur
1031 2971 1148 3051 impie*

199 3061 459 3212 pppitsiciprplpheta
480 3062 535 3125 hio
556 3061 656 3143 petit,
685 3080 761 3124 oum
784 3060 886 3136 iubet,
918 3066 956 3123 ut
982 3058 1148 3122 seminent

279 3357 321 3423 ι1)
356 3355 458 3412 iehan.
496 3355 538 3412 1.·
585 3357 614 3426 2)
650 3317 726 3413 Vera
762 3356 884 3412 iusticia.
933 3355 962 3426 3)
999 3357 1081 3411 Rom.
1118 3353 1146 3408 4.

203 3428 230 3494 4)
249 3430 349 3483 Iohan.
369 3427 394 3482 1.

187 3655 200 3667 ·
292 3622 319 3690 ·)
341 3624 378 3677 In
401 3639 489 3690 marg.
513 3624 575 3678 coll.
598 3623 702 3678 Vuitt.:
730 3623 830 3693 Iohan.
857 3623 882 3678 3.
922 3623 963 3690 ⁸')
991 3624 1027 3676 In
1055 3637 1147 3689 marg.

203 3693 266 3747 coll.
285 3690 357 3747 len:
376 3695 451 3749 Psal.
470 3693 515 3748 32
534 3750 536 3754 ,
