2575 4225
217 225 281 295 ιιι
533 224 639 306 Caput
661 220 841 289 secuudum

217 402 368 469 dominus
396 402 517 484 eripere
550 402 622 484 pios
653 420 695 465 ex
722 400 914 478 tentatione,
941 400 1080 467 iniustos
1103 421 1154 467 au·

216 499 284 557 tem
306 491 397 556 novit
419 507 543 555 servare
565 491 608 554 ad
631 490 720 554 diem
742 488 871 567 iudicii,
901 494 938 553 ut
968 490 1154 573 puniantur.
1281 536 1283 569 ,

299 574 558 669 1Compleotitur
579 580 669 643 euim
691 580 885 647 vocabulum
912 578 1035 645 iuditii
1025 587 1157 675 ιιιιιιιι-Ι
1281 596 1283 661 ξ

215 689 290 752 que,
315 675 348 731 et
369 668 591 732 liberationem
610 668 749 750 piorum,
773 673 806 731 et
828 664 949 749 poenas
971 667 1158 763 impiorum·
1280 676 1283 753 ζ

216 756 411 823 Pertinent
401 756 448 839 rgi
448 763 500 821 tur
448 756 610 821 thuo‘
601 757 745 839 msignes
767 756 955 835 sententiae,
980 778 1062 838 quae
1086 776 1157 827 eon
1280 790 1283 803 ι

216 842 362 911 solantur
382 840 580 923 eausam!
607 866 674 909 non
696 844 926 939 praevalituras
948 853 1056 927 portas
1078 847 1158 911 infe·

217 954 339 1013 rorum,
366 934 464 1000 deum
493 936 673 1000 affuturum
703 934 869 1011 eeclesiae,
900 940 934 998 et
959 934 1159 1003 adversarios
1280 928 1283 999 l

218 1018 1041 1114 repressurum,sieutPsal.110,vatieinatur³

306 1111 468 1178 Historiae
508 1133 638 1194 quoque
680 1073 831 1175 eeclesiae
870 1113 935 1175 hue
976 1113 1158 1178 afferendae
1281 1152 1283 1179 ι

218 1204 344 1279 ιιιιιι,’
335 1224 371 1267 m
385 1203 505 1283 quibus
516 1202 674 1266 iudicium
689 1201 750 1265 hoe
765 1199 845 1264 deus
860 1201 1014 1283 patefeeit
1023 1203 1158 1269 mundo.

1278 1186 1283 1203 ι

1281 1252 1283 1261 ι

218 1292 289 1354 lam
311 1292 431 1355 multos
460 1311 562 1355 annos
584 1284 648 1353 hoo
671 1291 738 1370 egit
760 1290 874 1368 Satan,
907 1295 999 1355 utet
985 1296 1079 1373 tper
1101 1292 1158 1355 im·-
1223 1292 1229 1303 ¹
1277 1270 1283 1377 ι

217 1380 288 1463 pios
317 1380 525 1460 magistratus
552 1379 686 1443 eeclesia
714 1339 929 1460 opprimatur,
958 1385 992 1443 et
1013 1378 1162 1445 doctrina
1282 1382 1283 1455 ξ

216 1488 275 1552 per
296 1468 449 1550 profanos
471 1468 617 1531 doctores
646 1467 846 1559 depravetur
893 1466 956 1531 Sed
979 1466 1062 1531 vidit
1084 1470 1159 1534 Ger·
1279 1464 1283 1539 ⁴:

217 1557 328 1619 mania
358 1555 457 1621 deum
488 1546 704 1633 iudicantem,
744 1562 777 1619 et
810 1562 979 1622 senserunt
1008 1557 1160 1623 eeclesiae

216 1638 448 1722 liberationem,
473 1645 553 1709 dum
575 1646 639 1710 et
630 1667 666 1708 m
689 1644 805 1735 mediis
824 1643 993 1711 conatibus
1016 1647 1161 1711 conside

217 1734 325 1797 runt
315 1734 410 1817 rmpii
431 1736 609 1816 principes,
637 1740 670 1799 et
692 1728 813 1817 impuri
835 1734 1004 1816 Sophistae
1022 1732 1162 1817 dig'nam
1281 1680 1283 1705 A

216 1824 345 1908 impura
372 1824 439 1887 vita
468 1831 607 1889 mortem
636 1823 779 1905 perpessi
809 1829 895 1887 sunt
952 1823 1162 1907 Irnpudentia

217 1919 278 1976 et
275 1913 473 1993 arrogantia
496 1912 611 1975 Eoeius
650 1912 761 1975 omnia
798 1912 961 2003 pontifieis
995 1913 1161 2016 maneipia
1282 1900 1283 1909 ¹

217 2000 310 2077 vicit,
342 2002 465 2065 etheo
492 2001 599 2071 studio
621 2000 774 2064 habuisse
802 2018 878 2063 eum
905 2000 1071 2083 postremi
1091 2003 1161 2065 eius
1281 1996 1283 2075 ἶ

215 2090 320 2154 librit
306 2095 475 2168 testantur,
499 2096 537 2154 ut
559 2090 658 2154 etiam
673 2089 871 2170 reliquorum
892 2090 1108 2168 virulentiam,
1133 2090 1162 2156 si

218 2199 284 2240 non
307 2199 473 2260 superare,
504 2199 641 2260 aequare
672 2181 853 2244 saltemt
815 2185 853 2244 ut
882 2187 999 2261 posset.
1045 2181 1161 2262 Itaque

218 2266 372 2330 eeclesiae
396 2269 587 2349 aliquandiu
613 2268 702 2332 visae
733 2273 810 2334 sunt
839 2268 1011 2334 destitutae
1041 2269 1160 2347 iudice,

218 2357 298 2419 dum
325 2356 460 2439 impune
493 2357 641 2438 impurus
671 2358 770 2421 homo
797 2355 878 2420 dreit
905 2364 938 2421 et
970 2357 1050 2440 feeit
1077 2377 1161 2438 quae

218 2447 296 2508 vult.
347 2445 410 2509 Sed
437 2467 504 2510 non
531 2447 668 2510 cessavit
692 2446 822 2526 longius
844 2445 981 2512 vindicis
1003 2445 1057 2509 dei
1079 2441 1159 2524 itast

216 2535 267 2609 sie
287 2533 375 2596 enim
398 2535 440 2597 de
462 2555 500 2599 eo
523 2541 670 2612 narrant,
702 2535 790 2614 quod
813 2534 1050 2600 circumventus
1072 2535 1162 2601 letali

217 2622 340 2697 morbo,
364 2623 502 2686 dumad
517 2623 740 2693 decumbentis
761 2625 882 2687 leetum
896 2623 1160 2702 missahabetur,
1278 2611 1280 2694 f

219 2728 330 2772 amens
353 2709 461 2774 neseio
489 2711 571 2798 quid
594 2712 634 2774 de
663 2719 777 2793 quater
803 2712 893 2776 mille
913 2707 1027 2777 'aureis
1049 2715 1162 2779 numis

218 2798 352 2876 dixerit,
382 2816 498 2882 parum
526 2800 670 2864 solicitus
695 2799 737 2864 de
760 2820 812 2878 ιι,
839 2801 929 2883 quod
952 2807 1067 2866 tuma
1094 2817 1162 2868 mo
1278 2811 1280 2854 ἰ

218 2888 322 2951 nacho
344 2888 522 2952 sacrificulo
544 2889 708 2970 agebatur,
733 2897 841 2954 ueot
814 2890 989 2957 itamulto
1001 2887 1078 2972 post¹
1096 2892 1161 2982 epi-
1278 2917 1279 2920 ¹

217 2977 320 3058 lepsia
342 2997 528 3060 oppressis,
559 2979 688 3060 linguae
714 2999 812 3042 usum
842 2979 977 3056 amittit,
1006 2985 1040 3042 et
1061 2975 1164 3044 simul

218 3085 294 3128 eum
316 3067 472 3146 sanguine
495 3068 615 3132 evomit
637 3067 782 3131 animam
804 3067 910 3132 miser.

306 3155 379 3217 Non
402 3147 608 3220 delectant
576 3177 650 3243 pros
662 3154 699 3218 hi
714 3156 882 3220 horribiles
898 3175 1001 3235 casus,
1024 3157 1163 3222 mallent

217 3241 315 3320 enim,
338 3250 377 3308 ut
398 3263 510 3308 omnes
533 3245 715 3308 conferrent
736 3265 868 3326 operam
891 3265 985 3309 suam
1007 3246 1050 3308 ad
1065 3266 1161 3312 evan·
1276 3241 1278 3300 }

217 3331 293 3411 gelii
330 3330 430 3396 doet'
392 3339 528 3396 trinam
548 3334 623 3396 illus
624 3332 788 3410 t,randam
828 3351 865 3397 ac
902 3335 1154 3418 propagandam
1276 3339 1277 3342 ’

217 3439 317 3499 quam
339 3420 419 3484 dum
441 3421 643 3503 evangelium
666 3422 902 3504 blasphemant,
879 3423 989 3488 tsibi
1012 3430 1150 3491 aeterno-

218 3699 228 3755 i
249 3630 336 3755 oefitrg
352 3631 502 3687 ruentum.
538 3629 567 3699 ι)
586 3631 689 3687 nasu.
710 3632 752 3687 ιι.
788 3633 816 3702 ι)
836 3634 911 3690 rear.
931 3631 991 3694 ιιι.
1029 3634 1058 3702 4)
1079 3637 1137 3694 nor

229 3717 249 3752 n
337 3717 358 3755 S.

1275 3573 1277 3598 l

1275 3599 1277 3622 Ι,

1275 3629 1277 3648 ι

1274 3747 1276 3760 ι
