2575 4225
453 270 580 334 Hoseae
602 272 787 354 prophetae.
1024 272 1088 337 309

19 522 21 539 μ
148 446 357 511 reflorescere.
396 446 481 510 Nam
495 448 672 526 Ierobeam,
690 449 773 513 sicut
788 447 922 512 historia
937 449 1088 524 ostendit,

19 549 21 610 i
148 557 268 618 magno
292 556 441 599 suecessu
464 537 702 603 administravit
724 557 860 618 regnum
882 538 990 601 Israel.

19 651 20 698 ἢ
237 626 365 689 Debent
387 632 496 689 autem
518 626 660 691 ministri
683 627 772 691 verbi
801 627 887 689 hano
913 627 1089 709 prophetae

148 715 301 779 virtutem
323 714 453 791 imitari,
478 734 519 778 ne
542 715 623 778 dum
644 716 774 780 mollius
789 722 928 779 baotant
943 736 1006 793 eos,
1032 717 1089 796 qui

147 805 182 867 in
206 804 364 884 dignitate
387 809 420 868 et
441 804 578 886 imperio
601 811 687 882 sunt,
712 806 748 867 in
771 804 918 869 fraudem
935 805 1087 868 inducan-

148 900 201 957 tur
223 892 449 976 simpliciores,
480 900 628 958 movetur
650 894 740 957 enim
761 895 876 975 vulgus
903 894 1089 976 principum

148 982 314 1064 exemplis.
361 982 534 1065 Praecipue
557 990 667 1047 autem
689 983 751 1046 hoo
774 982 937 1063 agendum
960 988 1022 1059 est,
1048 1003 1088 1045 ne

19 1085 20 1156 t
147 1072 329 1153 pontificios
375 1072 495 1135 abusus
540 1071 813 1154 reprehendamus
863 1071 1087 1153 negligentius.

19 1169 20 1188 ³
147 1162 219 1224 Non
243 1162 331 1223 enim
354 1161 539 1242 sapientum
561 1161 679 1224 mundi
701 1160 822 1224 iudicia
844 1160 986 1224 curanda
1001 1167 1086 1237 sunt,

19 1265 20 1272 ’
147 1250 204 1332 qui
227 1250 415 1314 existimant
447 1270 542 1332 posse
578 1250 709 1313 retineri
746 1250 926 1314 doctrinam
964 1268 1086 1324 sanam,

148 1340 207 1402 etsi
230 1338 475 1402 dissimulentur
496 1345 627 1421 propter
646 1340 770 1404 bouum
785 1339 874 1421 pacis
890 1337 1089 1402 adversariae

147 1428 247 1511 partis
269 1428 361 1491 vicia.
407 1428 513 1491 Maius
536 1429 624 1491 enim
655 1429 835 1511 periculum
861 1435 909 1492 est
937 1428 972 1489 in
1000 1447 1087 1491 soan-

147 1518 230 1594 dalo,
256 1518 308 1580 cui
330 1516 453 1580 mederi
475 1518 540 1580 alia
560 1518 685 1581 ratione
701 1518 845 1581 doctores
860 1538 926 1581 non
941 1524 1087 1599 possunt,

147 1626 247 1687 quam
274 1606 303 1669 si
330 1607 444 1683 libere,
480 1626 563 1687 quae
591 1628 691 1689 prava
724 1608 791 1688 geri
824 1607 950 1683 vident,
986 1626 1088 1687 repre·

147 1695 303 1759 hendant.
397 1720 400 1725 ·

237 1784 332 1859 Quod
362 1785 399 1847 in
429 1786 553 1849 Ebraeo
587 1791 637 1848 est
667 1784 722 1861 ,Ki
754 1784 862 1847 lahem
897 1784 1087 1863 chamispat‘

149 1874 304 1955 quoniam
326 1874 417 1937 vobis
441 1893 497 1937 seu
520 1880 632 1938 annua
653 1894 710 1939 vos
732 1873 891 1938 iudicium
914 1879 976 1949 est,
1001 1871 1088 1934 idem

148 1969 206 2039 est,
231 1981 269 2025 aa
292 1963 444 2027 sidicat:
484 1963 645 2038 Quoniam
669 1963 820 2026 dominus
843 1961 1007 2037 iudicabit,
1032 1982 1088 2042 pu-

30 2064 34 2069 '
89 2091 92 2094 -
148 2053 224 2130 niet,
250 2052 374 2133 affliget
395 2048 480 2117 νοε.1
522 2053 575 2117 Sic
597 2054 685 2118 enim
700 2053 797 2118 verbo
812 2050 978 2116 iudicandi
994 2069 1088 2132 saepe

147 2143 251 2206 utitur
274 2142 444 2224 scriptura,
470 2143 554 2207 siout
575 2143 663 2225 apud
686 2143 837 2219 Paulum,
869 2143 978 2205 sinos
1001 2141 1089 2221 ipsos

149 2231 407 2309 diiudicaremus,
432 2253 499 2296 non
521 2231 737 2296 iudicaremur
753 2253 772 2296 a
787 2232 929 2308 domino,
952 2231 1088 2305 honest,

149 2320 302 2384 dominus
335 2341 401 2384 non
435 2321 593 2402 affligeret
626 2342 695 2384 nos.
747 2319 799 2384 Ad
832 2319 920 2383 huno
954 2318 1089 2382 modum

149 2410 247 2472 etiam
269 2410 332 2472 hoo
354 2410 389 2472 in
411 2411 481 2473 looo
503 2411 614 2473 iudicii
637 2429 757 2474 nomen
780 2409 934 2491 aoeipitur
961 2408 997 2469 in
1023 2425 1088 2467 ma-

148 2499 215 2561 lam
238 2505 373 2580 partem,
398 2506 430 2562 et
452 2499 613 2579 siguificat
634 2519 765 2581 poenas.
812 2498 909 2573 Alibi,
933 2502 970 2558 ut
993 2513 1090 2574 supra

148 2587 184 2650 in
209 2589 238 2650 2.
263 2587 465 2669 desponsabo
487 2594 520 2651 te
542 2589 625 2651 mihi
647 2589 683 2651 in
705 2587 842 2664 iudicio,
874 2585 1032 2667 signifieat
1054 2583 1089 2643 in

148 2677 269 2739 bonam
291 2682 426 2757 partem.
472 2678 563 2740 Haeo
586 2678 675 2740 enim
698 2678 796 2741 altera
811 2676 924 2740 iudioii
939 2693 1013 2757 pars
1031 2678 1088 2746 est,

151 2766 237 2845 quod
261 2766 423 2847 oppressis
445 2767 551 2844 malis,
574 2768 751 2830 liberentur
773 2766 830 2848 pii.
880 2798 884 2804 ·

155 3007 295 3126 '‘Mrzpa
338 3032 434 3077 mous
479 3021 528 3079 est
566 3015 601 3077 in
639 3013 753 3077 Gilead
791 3013 871 3077 eitra
907 3009 1088 3074 Iordanem.

238 3095 393 3166 ‘³Thabor
415 3104 537 3167 celebre
559 3103 681 3167 montis
700 3122 820 3166 nomeu
835 3101 933 3166 estin
949 3099 1091 3162 Galilaea

152 3192 249 3254 etiarn
277 3192 356 3254 eitra
383 3192 570 3269 Iordanem,
602 3199 651 3255 est
679 3197 788 3254 autem
819 3191 932 3255 eodem
959 3189 1091 3251 nomine

151 3280 334 3345 levitarum
357 3282 470 3345 civitas
491 3283 527 3344 in
550 3282 637 3345 tribu
660 3281 819 3358 Zabulon,
851 3281 934 3343 sieut
956 3282 1092 3341 testatur

152 3371 254 3434 clarus
279 3370 370 3433 loeus
396 3372 424 3433 1.
448 3371 548 3433 Paral.
574 3364 625 3433 6.⁴
652 3370 739 3451 quod
762 3370 891 3433 Thabor
919 3386 994 3431 oum
1024 3365 1091 3428 suis

153 3459 344 3522 suburbanis
367 3460 410 3522 sit
432 3458 552 3522 donata
573 3459 648 3523 filiis
671 3460 796 3522 Merari.

186 3675 190 3682 .
241 3686 661 3755 1)1udiearesignifieatetiam
674 3685 931 3756 poenasinfiigere.
950 3681 1092 3752 2)Mizpa,

168 3755 331 3841 liberor,
358 3757 386 3827 4)
405 3757 429 3811 1.
449 3759 540 3812 Paral.
560 3758 584 3811 6.
1243 3783 1253 3802 ·.
