2575 4225
944 238 1195 303 Hoseae
1241 240 1610 322 prophetae.
2082 244 2209 304 ἐῖϋῗ

329 415 713 495 saginantur
768 414 973 478 animi
1040 421 1105 480 et
1173 416 1653 481 confirmantur.
1762 414 1865 481 Sic
1925 420 2213 484 Clu-istus

330 507 698 569 consolatur
728 505 1080 586 apostolos:
1132 503 1494 569 Comedetis
1529 513 1595 570 et
1623 507 1858 571 bibetis
1888 505 1958 569 in
1993 532 2213 568 menz-‚za

330 614 481 656 mea
525 596 615 656 in·
639 613 837 674 regno
880 613 1045 656 meo.
1138 593 1474 674 Significat
1516 602 1734 659 autem
1779 596 2213 676 cognitiamem

329 682 441 745 dei
487 689 755 759 certam,
818 703 1017 762 quam
1062 684 1332 745 verbum
1393 684 1691 747 ostendit.
1783 685 1937 748 Ideo
1997 696 2213 748 :uitem

327 771 519 835 dicit:
567 773 916 836 Frumento
962 772 1229 848 alentur,
1279 777 1355 834 ut
1398 773 1697 836 ostendat
1742 776 2061 836 mundum
2109 776 2213 832 sle-

326 860 633 925 stitutum
699 859 919 936 verbo,
989 860 1113 922 etsi
1186 861 1395 924 cultus
1470 867 1536 924 et
1600 861 1925 943 religionis
1997 884 2213 924 euram

330 948 532 1013 iactat
550 1000 563 1026 ‚
614 955 928 1031 tanquam
974 948 1176 1029 paleis
1221 949 1411 1026 vesci,
1462 951 1796 1013 ecclesiam
1840 960 2057 1014 auis-111
2109 954 2209 1012 har

326 1038 481 1101 bere
543 1059 765 1102 verum
819 1037 1133 1119 pabulum
1151 1088 1164 1114 ‚
1234 1057 1364 1118 quo
1425 1039 1889 1102 confirmantur
1945 1048 2009 1100 et
2057 1044 2209 1120 sagi-

327 1133 571 1191 nantur
616 1134 885 1191 mentes

520 1211 917 1298 ¹Septimum
948 1221 1063 1291 est,
1113 1215 1289 1295 quod
1327 1215 1505 1279 ‘sicut
1533 1217 1683 1280 vitis
1729 1216 1981 1280 florebit-
2025 1220 2209 1280 mele-

320 1324 443 1368 Sia.
535 1304 614 1366 Id
659 1305 914 1387 proprie
961 1303 1045 1365 ad
1090 1304 1338 1367 fructus
1383 1305 1691 1384 pertinet,
1749 1306 1863 1386 qui
1907 1306 1977 1368 in
2025 1308 2209 1368 vet-le-

323 1393 428 1456 sia
473 1413 554 1455 ex
599 1394 859 1457 assiduo
890 1392 1069 1456 verbi
1113 1413 1238 1456 usu
1278 1401 1650 1457 nascuntur.
1744 1394 1883 1457 Hos
1929 1416 2057 1456 mu]
2073 1396 2209 1456 nius·

324 1502 460 1545 non
500 1482 872 1558 admiratur,
922 1481 1036 1544 sed
1081 1482 1370 1561 negligit,
1418 1489 1768 1564 occupatur
1814 1489 2029 1546 autem
2073 1484 2213 1544 aliis

322 1569 591 1647 studiis,
642 1591 808 1651 quae
855 1571 1135 1650 speeiem
1178 1572 1426 1635 habent
1470 1572 1798 1635 maiorem.
1893 1572 1993 1633 Sic
2045 1592 2209 1632 :iess-

326 1659 619 1722 nomiam
660 1665 725 1722 et
754 1660 1051 1741 politiam
1082 1660 1421 1739 negligunt
1450 1661 1784 1740 pontificii,
1829 1666 1894 1723 et
1925 1660 2213 1732 deligunt

323 1747 456 1812 sibi
511 1748 680 1811 vitae
743 1769 944 1828 genus
999 1747 1175 1809 aliud
1232 1749 1591 1811 solitarium
1661 1749 1734 1810 in
1785 1752 2205 1810 monasti-riis.

324 1835 453 1901 Sed
500 1837 679 1900 aliud
724 1838 832 1900 dei
877 1837 1192 1899 iudicium
1237 1842 1366 1912 est,
1415 1838 1542 1899 ista
1588 1837 1865 1900 electitia
1910 1858 2101 1916 opera
2149 1848 2213 1896 et

324 1926 538 1988 cultus
596 1925 1005 1989 abominatur
1024 1974 1039 2001 ‚
1115 1931 1293 1988 amat
1347 1931 1567 1988 autem
1623 1946 1662 1987 a
1725 1945 1791 1988 se
1851 1936 2205 2006 pras-evlzsta,

324 2013 585 2077 etiamsi
629 2014 700 2076 in
746 2016 1027 2096 speciem
1075 2013 1205 2076 sint
1249 2013 1422 2078 vilia.

514 2097 863 2168 ²Octavum
908 2109 1024 2181 est,
1082 2102 1257 2184 quod
1304 2103 1462 2167 dicit
1505 2103 1823 2181 ecclesiae,
1873 2103 2033 2167 sieut
2081 2105 2213 2165 riui

322 2190 397 2254 in
427 2192 672 2256 Libano
703 2194 859 2270 nati,
892 2192 1274 2255 memoriam
1306 2193 1460 2269 fore,
1509 2194 1632 2255 hoc
1664 2199 1778 2270 est,
1825 2193 2209 2255 celebratam

323 2280 426 2342 iri.
532 2282 712 2345 Haec
766 2302 1022 2362 quoque
1053 2282 1369 2363 particula
1424 2281 1506 2343 ad
1540 2282 1840 2345 ecclesiae
1894 2302 2206 2345 omniura]-

324 2369 658 2433 dationem
688 2372 982 2452 pertinet,
1033 2391 1107 2433 ac
1152 2371 1511 2433 necessaria
1556 2375 1654 2432 est
1697 2376 1957 2451 propter
1989 2373 2209 2449 iugens

327 2459 711 2522 scandalum
757 2479 886 2540 quo
932 2460 1200 2523 ecclesia
1243 2458 1337 2520 ita
1382 2459 1785 2540 opprimitur,
1834 2465 1908 2522 ut
1953 2461 2209 2537 flgl'ussffissi

326 2566 495 2629 pene
542 2568 675 2611 non
720 2549 941 2629 possit.
1034 2548 1202 2610 Nam
1247 2546 1396 2611 vide
1425 2548 1838 2627 patriarchae,
1889 2549 2029 2612 vide
2077 2569 2209 2625 pre-

327 2637 589 2717 phetas,
639 2643 705 2699 et
750 2638 1091 2718 apostolo&
1148 2636 1471 2716 quomodo
1516 2636 1589 2698 in
1633 2636 1881 2699 mundo
1929 2637 2057 2697 siut
2105 2637 2209 2697 lin.—

326 2725 451 2788 biti
471 2726 502 2786 ‘r‘
594 2726 767 2800 Quin
813 2726 1103 2789 Christus
1158 2725 1265 2788 dei
1311 2724 1480 2787 filius
1538 2731 1604 2788 et
1649 2731 1845 2806 eaput
1890 2729 2205 2797 eerlffiiue„

328 2834 530 2894 quam
586 2819 894 2878 tractatur
951 2814 1219 2894 indigne
1276 2834 1316 2875 a
1372 2833 1487 2876 suo
1543 2815 1828 2894 populo?
1919 2813 2213 2873 Chummt

327 2904 667 2966 obsessum
713 2924 752 2965 a
796 2902 1059 2979 Sat-ana,
1120 2902 1549 2977 vinolentum,
1582 2902 2013 2971 ‚sediciosunL
2053 2905 2209 2961 hlas-

327 2992 646 3073 phemum
692 3011 849 3055 esse.
1859 3070 1862 3073 ‚

507 3081 638 3143 Nos
704 3080 897 3143 hodie
916 3130 930 3156 ,
1004 3078 1198 3142 etiam
1253 3077 1762 3143 adversariorum
1819 3077 2205 3149 testimonie,

325 3168 681 3235 retinemus
705 3174 1103 3234 sacramenta
1124 3168 1392 3247 integra,
1427 3171 1490 3229 et
1511 3167 1828 3230 habemus
1851 3165 1989 3229 dom
2005 3169 2209 3225 rimam

331 3259 840 3320 consentientem
887 3277 1037 3320 cum
1070 3257 1505 3337 apostolorum
1552 3256 1806 3336 scriptis
1841 3275 2001 3335 quae
2037 3277 2205 3333 prae

330 3347 519 3428 cipue
565 3366 749 3409 verae
796 3346 1097 3409 ecelesiae
1128 3350 1318 3407 notae
1365 3344 1535 3407 sunt.
1630 3344 1714 3407 Et
1758 3349 1977 3407 tamen
2025 3369 2033 3397 ι
2045 3345 2209 3421 ,iuste

330 3433 722 3498 sustinemus
767 3435 1127 3498 iudicium?
1196 3434 1599 3495 Damnamur
1642 3437 1953 3511 tanquam
2001 3433 2209 3493 lutea-e-

328 3523 460 3600 tioi,
509 3524 908 3586 traducimur
936 3529 1249 3603 tanquam
1280 3522 1580 3590 ecclesiae
1627 3527 1857 3603 pestes,
1907 3529 1969 3581 et.
2001 3521 2209 3581 eit-uuis

510 3716 565 3783 l)
603 3716 774 3771 Vitis.
848 3716 904 3785 2)
941 3715 1220 3771 Memoria
1254 3713 1381 3769 vini
1416 3712 1640 3768 Libani.
