2575 4225
215 269 280 333 504
454 239 570 349 Caput
579 269 732 346 quartum
755 265 918 346 decimum
1035 231 1039 236 Ι

213 447 277 510 hoo
298 444 480 509 dominium
501 450 625 507 rectum
648 461 740 507 cruce
756 463 822 506 non
839 441 958 519 vident
983 461 1161 506 aerumnas

214 542 248 600 et
269 534 469 598 calamitates
490 533 667 609 intrentm,
691 538 724 596 et
736 537 875 614 propter
896 532 956 594 has
971 537 1091 613 putant
1108 552 1159 595 ee·

215 623 346 693 alesiam
369 622 471 686 adeo
492 622 625 702 negligi,
656 627 690 684 et
715 639 788 685 vere
815 621 967 684 miseram
995 621 1159 703 pupillam

215 717 249 776 et
270 711 429 774 desertam
451 729 521 774 esse
543 710 705 787 iudicent,
733 710 798 791 ipsi
819 729 893 774 vero
923 709 986 772 sibi
1015 715 1162 791 opeset

214 799 396 883 potentiam
417 806 592 880 quaerunt,
616 805 654 862 ut
676 799 779 863 securi
801 798 883 874 sint,
908 803 966 862 aut
987 817 1045 879 spe
1068 817 1158 880 prae·
1186 857 1189 861 .

216 889 374 952 sidiorum
396 889 614 952 humanorum
636 907 671 951 se
694 887 906 950 consolentur.

305 978 395 1041 Haec
417 978 475 1058 qui
497 976 678 1040 carnalibus
701 977 801 1040 oculis
823 977 976 1052 intuetur,
1001 994 1077 1038 cum
1095 976 1159 1037 Da·

215 1061 308 1131 vide¹
341 1067 442 1143 dicet,
469 1065 589 1147 impios
615 1065 737 1128 similes
766 1065 871 1129 arbori
899 1064 1041 1140 validae,
1072 1064 1155 1127 fron·
1232 1135 1233 1138 Ἴ

217 1154 330 1233 closae,
358 1161 392 1219 et
412 1156 502 1218 lauro
524 1154 655 1230 virenti,
685 1154 764 1216 item
787 1173 922 1216 amoeno
952 1158 985 1216 et
1013 1152 1159 1218 iucundo

217 1249 310 1326 prato
339 1243 446 1307 omnis
470 1235 598 1324 ‘generis
626 1242 760 1306 floribus
789 1242 885 1324 picto.
931 1241 983 1304 Ad
1012 1261 1094 1322 quos
1129 1242 1159 1304 si

218 1333 386 1396 ecclesiam
408 1333 568 1408 conferas,
598 1331 713 1394 similis
735 1330 898 1396 videbitur
926 1331 1083 1394 arescenti
1111 1349 1159 1392 ar·

216 1421 297 1497 bori,
321 1421 357 1484 in
379 1441 445 1501 qua
467 1441 533 1484 non
556 1421 662 1484 solum
684 1421 808 1484 fructus
829 1419 921 1496 nulli,
945 1418 1060 1482 sedne
1080 1419 1162 1482 folia

218 1508 351 1589 quidem
379 1509 488 1589 aliqua
513 1510 656 1572 haerent.
702 1510 786 1573 Nam
812 1509 884 1590 ipsa
913 1508 1059 1584 ecclesia,
1096 1509 1162 1570 sub

218 1615 313 1661 onere
336 1602 540 1678 peccatorum
562 1603 691 1661 tantum
713 1618 780 1661 non
802 1616 965 1673 corninus,
997 1615 1057 1660 sua
1079 1615 1162 1661 voce

218 1686 308 1766 (cum
330 1692 413 1750 orat:
448 1685 589 1750 Remitte
611 1705 742 1751 omnem
764 1685 983 1766 iniquitatem,
1012 1691 1045 1749 et
1072 1685 1164 1748 dona

218 1774 355 1852 bonum)
378 1775 456 1838 satis
478 1781 622 1852 testatur,
648 1795 713 1856 quo
726 1776 762 1838 in
776 1777 846 1838 looc
862 1775 905 1837 sit
918 1774 1032 1856 posita,
1057 1793 1161 1854 quam

219 1863 262 1926 sit
284 1863 407 1926 afflicta
429 1869 461 1926 et
483 1864 677 1928 calamitosa.

308 1951 399 2015 Haec
421 1952 528 2033 prima
549 1953 699 2015 ecelesiae
722 1952 848 2034 pictura
870 1958 928 2028 est,
953 1970 1036 2031 qnae
1055 1957 1163 2014 osten-

219 2040 277 2117 dit,
302 2041 407 2121 qualis
429 2041 472 2103 sit
494 2041 635 2118 ecclesia,
660 2040 747 2122 quod
771 2041 886 2105 attinet
901 2040 943 2102 ad
957 2040 1042 2101 hanc
1055 2039 1164 2104 vitam

220 2130 426 2210 corporalem.
471 2131 579 2193 Huius
602 2131 746 2212 picturae
769 2149 899 2211 prorsus
927 2128 1168 2193 obliviscuntur
1249 2172 1250 2177 κ

143 2238 147 2243 ’
219 2217 341 2279 Iudaei.
366 2238 441 2281 cum
463 2220 628 2282 somniant
650 2220 757 2301 regnis
780 2224 812 2281 et
835 2219 951 2299 opibus
973 2218 1091 2280 mundi
1108 2218 1162 2281 be
1238 2258 1249 2299 ῃ

219 2305 334 2369 11011010
357 2306 492 2370 Messias
515 2327 549 2371 se
572 2308 740 2389 potituros,
767 2328 834 2371 non
856 2308 944 2369 enim
966 2308 1081 2371 volunt
1102 2326 1165 2389 pu-

220 2395 292 2477 pilli
314 2414 383 2459 esse
405 2396 441 2458 in
462 2397 525 2459 hoo
547 2397 680 2474 mundo,
704 2396 861 2477 imperare
883 2396 996 2461 volunt
1011 2400 1044 2457 et
1059 2394 1162 2458 abun·

220 2483 297 2547 dare
321 2484 450 2565 opibus,
482 2484 555 2548 ideo
579 2485 745 2550 ecclesiam
768 2485 920 2548 miseram
943 2489 975 2547 et
997 2484 1164 2547 calamito-

221 2591 292 2636 sam
314 2579 510 2637 aversantur.

314 2655 396 2723 'Sed
417 2668 455 2723 tu
477 2662 641 2742 paulisper
664 2661 801 2725 transfer
822 2662 931 2725 oculos
946 2680 987 2723 ex
1001 2661 1063 2723 hac
1081 2661 1163 2739 vita,
1253 2737 1254 2742 ἵ

221 2752 255 2809 et
276 2748 454 2809 secundum
477 2767 583 2828 spem,
614 2769 714 2829 quam
736 2749 869 2814 ecclesia
896 2770 937 2813 ex
962 2750 1060 2814 verbo
1087 2770 1162 2811 oon-

221 2834 313 2916 cipit‚
349 2855 421 2898 eam
450 2835 571 2913 iudica,
607 2843 640 2900 et
673 2839 842 2921 apparebit
869 2838 964 2919 longe
995 2838 1057 2900 alia
1091 2838 1166 2901 eius

220 2924 328 2988 facies.
373 2925 483 2989 Habet
505 2925 593 2988 enim
616 2926 714 2989 deum
737 2932 905 2990 sanantem
934 2927 1164 3007 gravissimum

221 3013 345 3094 peccati
366 3016 505 3091 malum,
537 3015 565 3077 is
588 3016 728 3079 maritali
750 3034 858 3079 amore
881 3030 953 3078 eam
979 3014 1163 3096 complecti·

217 3107 283 3177 tur,
307 3108 340 3165 et
362 3104 455 3167 affert
476 3103 518 3165 ad
541 3123 614 3165 eam
637 3104 797 3184 quidquid
820 3104 898 3168 boni
919 3105 1019 3167 habet
1041 3110 1074 3167 et
1089 3122 1164 3184 pos·

220 3189 313 3252 sidet.
360 3191 430 3255 Has
454 3198 561 3257 tantas
584 3212 672 3274 opes,
695 3195 784 3257 huno
809 3200 971 3271 ornatum,
996 3212 1079 3273 quae
1101 3193 1164 3255 lin

220 3297 286 3358 gua
307 3281 505 3361 explicabit?

309 3368 426 3448 Igitur,
462 3389 545 3449 quae
574 3371 609 3432 in
639 3370 779 3449 mundo,
810 3377 843 3434 et
871 3372 907 3433 in
935 3370 1001 3433 suis
1031 3386 1153 3449 quoquc

222 3457 323 3519 oculis
346 3458 479 3521 effoetae
507 3464 540 3521 et
568 3458 675 3523 aridae
705 3459 821 3523 arbori¹
838 3459 952 3523 similis
980 3464 1044 3535 est,
1076 3478 1152 3522 vere

222 3543 305 3607 sicut
327 3547 485 3628 propheta
506 3547 561 3609 hic
583 3547 678 3624 dicit,
705 3548 742 3612 in
764 3549 865 3612 oculis
888 3546 941 3611 dei
963 3548 1056 3611 floret
1078 3546 1159 3610 sicut

220 3666 435 3678 *ιιι-ι·-

312 3734 339 3802 1)
357 3736 432 3790 Psal.
451 3736 495 3791 37.
532 3738 561 3808 2)
580 3740 726 3797 Ecclesiae
744 3738 820 3795 bona
838 3740 1007 3810 spiritualia.
