2575 4225
492 270 512 326 1
528 268 610 327 *ΠΒ
1134 265 1344 346 Caput
1357 348 1361 349 γ
1389 271 1695 344 quartum

484 450 662 506 want
708 443 778 504 in
826 443 1198 505 summitate
1229 443 1444 507 vestis.
1527 441 1650 504 Sed
1679 447 1755 504 ut
1781 441 2036 506 locutus
2068 441 2370 522 superius

484 534 560 594 *le
596 551 886 612 perverso
918 533 1113 608 cultu,
1161 531 1255 594 ita
1285 537 1350 593 et
1393 531 1501 593 hic
1547 531 1628 592 de
1672 529 1984 612 perversis
2030 549 2367 592 ornamen-

484 622 584 682 tis.
680 615 1023 701 Traphim1
1065 620 1307 704 alioqui
1337 641 1470 683 non
1502 625 1599 682 est
1625 619 1834 681 bonae
1876 616 2368 698 significationis

488 714 552 770 iu
597 709 930 790 scriptura,
979 715 1315 791 propterea
1358 709 1466 771 hic
1513 729 1643 771 non
1689 708 1758 770 in
1812 708 2052 770 bonam
2110 713 2368 788 p‘artem

484 798 1036 879 interpretandum
1084 804 1197 861 est.
1293 797 1626 878 Significat
1671 802 1888 860 autem
1934 795 2254 875 imagines
2304 801 2373 858 et

484 887 671 963 idola,
722 907 889 966 quae
935 908 1066 948 non
1109 887 1346 949 licebat
1389 887 1624 948 habere
1681 886 1754 947 in
1816 891 2037 948 sancta
2083 884 2365 960 civitate,

484 978 596 1038 aas]
644 975 715 1037 in
744 976 972 1039 Bet-hel
1004 976 1327 1052 Emorrea,
1377 976 1493 1037 ubi
1539 975 1752 1038 cultus
1799 974 2155 1036 vitulorum
2203 979 2365 1035 erat.

484 1065 814 1142 :fignificat
859 1084 1025 1144 ergo:
1087 1063 1642 1144 quemadmodum
1705 1084 1821 1144 ego
1878 1063 2166 1144 paciscar
2213 1081 2369 1124 cum

484 1153 771 1215 adultera
811 1153 926 1214 illa
971 1173 1052 1214 ne
1100 1152 1548 1232 congrediatur
1593 1153 1776 1215 alteri
1804 1151 1959 1228 vim,
2007 1151 2102 1213 ita
2141 1157 2206 1212 et
2251 1169 2368 1214 vos

488 1242 713 1303 viduae
762 1243 937 1304 eritis
986 1248 1050 1304 et
1095 1241 1398 1304 deseretis
1429 1248 1642 1306 vestra
1673 1241 1918 1317 altaria,
1967 1246 2033 1302 et
2076 1245 2367 1302 vestrum

488 1334 729 1393 vultum
773 1331 1116 1393 idolorum.

971 1490 1056 1552 Et
1100 1491 1406 1571 posthaec
1451 1495 1864 1552 revertentur.

576 1616 729 1658 ERBA
775 1598 935 1660 haec
975 1596 1260 1676 intellige
1308 1597 1388 1658 de
1434 1616 1630 1676 regno
1663 1595 1946 1677 spiritus,
1999 1601 2064 1657 et
2094 1615 2212 1676 per
2244 1595 2364 1656 Da-

616 1687 834 1750 videm
868 1685 1213 1761 Chfistnm,
1262 1690 1338 1746 ut
1365 1685 1753 1749 immensam
1792 1691 1857 1748 et
1887 1685 2214 1765 copiosam
2263 1683 2365 1745 dei

492 1774 991 1838 misericordiam
1046 1794 1161 1854 per
1213 1775 1338 1836 hoc
1393 1775 1662 1838 verbum
1717 1775 1963 1836 bonum
2019 1773 2361 1852 intelligas.

488 1863 815 1927 Sententia
862 1869 983 1925 est:
1043 1863 1366 1924 Israelitae
1411 1863 1663 1925 liberati
1711 1863 1792 1925 ab
1838 1863 1951 1925 illa
1995 1862 2362 1942 captivitate

492 1953 845 2033 intefligent
926 1971 1008 2012 ex
1078 1952 1514 2032 apostolorum
1588 1951 2063 2032 praedicatione
2139 1970 2362 2014 verum

492 2046 730 2104 bonum
751 2091 765 2118 ‚
814 2039 988 2120 quod
1035 2041 1354 2122 accipient
1399 2046 1463 2102 et
1508 2041 1718 2103 colent
1736 2091 1749 2118 ‚
1799 2041 1994 2102 etiam
2041 2039 2363 2102 timebunt

492 2135 720 2211 ipsum.
779 2189 782 2191 ,
816 2130 946 2192 Vbi
992 2130 1157 2190 nihil
1203 2129 1379 2192 aliud
1425 2130 1552 2193 nisi
1582 2130 1836 2194 bonitas
1869 2135 1934 2192 et
1965 2128 2362 2192 abundantia

496 2220 659 2294 honi,
708 2224 783 2280 ut
827 2237 959 2279 non
1008 2218 1284 2298 amplius
1324 2226 1638 2282 vexentur
1665 2220 1803 2299 lege
1835 2225 2028 2297 atque
2060 2217 2361 2281 servitute

496 2306 664 2387 legis,
716 2306 827 2368 sed
875 2325 1141 2385 syncera
1185 2306 1312 2368 fide
1361 2307 1687 2371 Christum
1735 2313 2136 2388 cognoscent.

662 2396 997 2457 Hactenus
1044 2400 1314 2458 tractata
1359 2402 1454 2459 est
1499 2397 1710 2477 prima
1761 2416 1910 2477 pars
1965 2396 2358 2477 prophetiae,

488 2504 649 2563 quae
696 2485 1059 2555 futurarum
1105 2504 1318 2547 rerum
1360 2485 1596 2547 inditia
1623 2485 1999 2567 praescribit
2029 2484 2357 2566 propheta.

496 2575 560 2635 Ιή
596 2572 1013 2652 sequentibus
1045 2574 1407 2652 praesentia
1437 2575 1753 2650 tractabit,
1789 2574 2028 2637 scilicet
2057 2573 2360 2636 vitiorum

488 2681 724 2723 storum.

1187 2816 1480 2886 GAPVT
1539 2818 1663 2886 IV.

488 2943 572 3051 ΙΗ
613 2967 731 3009 Hoc
780 2945 987 3048 capite
1004 3035 1017 3048 .
1033 2946 1266 3049 incipit
1310 2952 1528 3049 taxare
1560 2947 1875 3028 propheta
1898 2966 2143 3025 magna
2157 3036 2169 3047 ·
2185 2946 2355 3021 vitia,

580 3033 823 3098 fructus
886 3036 1125 3098 sclllcet
1182 3035 1650 3099 meredulitatis
1671 3087 1684 3112 ‚
1734 3036 1952 3098 simul
2021 3041 2084 3097 et
2151 3055 2358 3116 ipsam

488 3127 500 3179 i
512 3143 552 3179 ῃ
560 3121 1017 3186 eredulitatem.

983 3273 1221 3344 Audite
1266 3282 1537 3347 verbum
1582 3280 1848 3346 domini.

556 3410 737 3452 Enrvs
782 3406 919 3449 esse
967 3388 1157 3451 debet
1202 3390 1316 3468 qui
1360 3390 1704 3471 praedicat,
1756 3412 1822 3453 se
1866 3390 2046 3470 loqui
2092 3392 2254 3454 verb·

508 3563 524 3619 1
598 3472 877 3577 domini,
948 3483 1023 3539 ut
1081 3497 1332 3561 semper
1398 3480 1603 3559 possit
1669 3479 1904 3542 dicere:
1974 3479 2137 3541 haec
2207 3481 2270 3542 d:

488 3583 504 3623 s.
532 3583 805 3627 ominus.
1706 3581 1723 3591 ‘

666 3736 719 3803 1)
758 3739 1047 3806 Traphim.
