2575 4225
225 291 291 357 470
472 293 578 374 Caput
599 293 731 357 tertium
754 293 917 357 decimum

224 471 283 552 qui
306 477 354 535 631
377 476 524 534 aeternus
548 469 602 533 dei
623 471 719 548 filius,
744 477 776 535 et
798 471 949 535 dominus
966 472 1065 535 totius
1082 491 1166 535 orea—
1273 499 1274 560 ]

224 568 324 624 turae.
370 560 484 639 Itaque
507 561 614 641 patuit
636 561 779 637 tandem,
804 581 880 623 eum
894 560 1012 623 habere
1027 567 1166 642 potesta·
1272 569 1274 642 1

223 656 291 712 tem
313 647 482 732 ponendae
504 655 537 712 et
559 649 736 712 sumendae
759 649 885 712 animae
901 668 958 712 seu
972 650 1058 713 vitae
1076 669 1164 726 suae,
1272 643 1274 660 ²

225 743 258 801 et
285 758 352 801 non
379 743 508 800 tantum
534 738 702 802 hominem
730 758 814 816 esse,
847 739 907 801 etsi
932 757 1005 802 vere
1034 759 1166 802 carnem
1271 787 1274 810 ,

224 828 403 889 humanam
436 825 558 904 induit,
600 827 657 891 sed
684 829 782 891 etiam
812 827 1026 890 immortalem
1055 827 1164 891 deum.

222 915 296 978 Hoc
318 915 510 978 miraculum
533 917 666 980 ecelesia
687 917 902 1000 pulcherrimo
932 917 1057 981 cantico
1072 918 1165 979 'cele-

224 1005 311 1067 brat:
336 1002 422 1067 Mors
445 1011 478 1068 61
499 1006 565 1068 vita
581 1004 697 1082 duello,
722 1006 894 1068 conflixere
912 1005 1070 1082 mirando,
1096 1005 1168 1068 dux

126 1121 131 1134 =
223 1093 309 1156 vitae
331 1098 487 1170 mortuus,
512 1100 625 1175 regnat
645 1095 748 1158 vivus.

313 1183 408 1256 Quod
431 1182 474 1245 ad
496 1183 740 1263 grammaticam
763 1183 888 1260 attinet,
913 1182 1038 1246 noverit
1065 1184 1166 1246 lector

223 1272 277 1333 hio
299 1272 379 1352 poni
401 1271 515 1334 eadem
537 1272 701 1349 vocabula,
726 1291 809 1352 quae
832 1277 909 1335 sunt
931 1270 967 1333 in
988 1272 1069 1354 psal.
1093 1269 1167 1336 91.*

222 1360 296 1422 Non
318 1361 448 1423 timebis
471 1381 491 1422 a
512 1368 602 1442 peste
624 1361 868 1442 perambulante
891 1361 927 1423 in
948 1361 1104 1438 tenebris,
1133 1367 1167 1424 et

224 1448 265 1511 ab
292 1449 406 1524 exitio,
437 1450 525 1529 quod
555 1456 718 1530 grassatur
743 1451 780 1512 in
802 1449 945 1512 meridie.
992 1450 1165 1530 Utrunque

223 1555 261 1599 eo
292 1537 328 1598 in
354 1537 424 1599 loco
453 1538 626 1616 signifieat,
657 1538 741 1601 siout
768 1538 837 1615 hic,
869 1538 998 1602 exitiale
1027 1540 1164 1617 malum,

223 1644 282 1687 seu
303 1630 429 1708 pestem
451 1627 760 1707 praesentissimam,
792 1647 874 1707 quae
898 1627 1001 1690 infioit
1023 1625 1164 1692 610661-

223 1714 273 1777 dit
295 1733 441 1796 corpora,
472 1717 637 1779 translatio
660 1717 763 1778 latina
784 1716 899 1792 habet,
924 1736 1075 1797 asperum
1098 1737 1165 1780 ver·

223 1804 303 1866 burn
326 1810 359 1866 et
382 1804 590 1868 daemonium
612 1805 842 1881 meridianum,
873 1805 930 1868 sed
959 1806 1094 1868 collatus
1121 1807 1165 1870 lo-

224 1911 280 1954 ous
314 1892 356 1955 ad
385 1893 488 1970 huno,
524 1893 626 1956 facilis
662 1899 710 1958 est
743 1894 917 1958 intellectu.
963 1895 1004 1956 In
1038 1895 1166 1959 Ebraeo

223 1986 300 2044 sunt
323 1981 438 2058 ,Deber
460 1987 493 2044 et
514 1982 631 2046 keteb‘.

312 2069 413 2135 Divus
446 2071 565 2135 Paulus
608 2073 636 2135 1.
673 2071 816 2136 Corinth.
855 2067 925 2135 15.1
964 2072 1025 2137 etsi
1066 2075 1167 2138 verba

222 2160 375 2236 mutavit,
407 2166 518 2223 tamen
540 2162 734 2224 sententiam
757 2162 971 2242 pulcherrime
994 2164 1165 2244 expressit.

222 2248 394 2325 Devorata,
419 2249 541 2329 inquit,
571 2256 620 2313 631
641 2271 729 2314 mors
751 2251 786 2312 in
808 2251 989 2328 victoriam,
1017 2252 1087 2316 hoe
1104 2259 1165 2329 est,

222 2337 368 2401 Christus
403 2338 480 2402 vicit
514 2344 668 2415 mortem,
705 2359 742 2402 ao
775 2340 845 2403 vult
874 2359 912 2406 ea
937 2340 1073 2404 viatoria
1104 2362 1166 2405 nos

222 2447 350 2508 quoque
373 2428 448 2505 frui,
473 2427 576 2491 adiuti
599 2428 687 2490 enim
710 2428 751 2490 ab
774 2427 855 2509 ipso,
880 2449 947 2492 non
961 2430 1130 2492 vincemur
1146 2450 1167 2493 a

221 2522 334 2593 morte,
359 2516 416 2579 sed
439 2517 614 2580 vinoemus.
660 2516 763 2580 Addit
789 2516 900 2596 igitur,
931 2517 989 2580 ubi
1015 2524 1064 2581 631
1092 2538 1165 2582 aau-

220 2605 290 2667 leus
313 2610 389 2667 tuus
412 2626 431 2667 o
454 2625 549 2682 mors,
575 2611 607 2668 et
629 2606 763 2682 interne,
788 2606 845 2668 ubi
868 2611 917 2670 est
936 2612 993 2669 tua
1008 2606 1165 2670 victoria?

222 2692 322 2764 Quasi
344 2693 446 2754 dieat:
482 2694 623 2772 Uterque
647 2693 749 2757 hostis
772 2700 881 2758 noster
909 2696 1004 2775 longe
1033 2696 1164 2776 lateque

221 2779 401 2860 imperavit,
425 2787 458 2843 et
479 2800 591 2843 omnes
613 2781 763 2844 homines
785 2785 953 2865 oppressit.
1000 2783 1063 2846 Sed
1078 2791 1165 2864 post·

222 2888 321 2948 quam
339 2889 397 2950 per
412 2869 575 2931 Christum
591 2890 678 2933 mors
693 2870 850 2951 deglutita
865 2879 914 2935 est
929 2892 985 2935 seu
1001 2873 1164 2955 absorpta,

221 2978 288 3020 non
310 2964 417 3039 potest
439 2958 578 3040 amplius
600 2979 725 3022 nocere.
772 2961 843 3023 Etsi
866 2962 953 3024 enim
977 2968 1026 3024 est
1054 2967 1165 3025 noster
1268 3012 1271 3055 ἰ

221 3047 335 3122 hostis,
358 3053 469 3110 tamen
491 3054 540 3111 est
562 3049 729 3129 spoliatus,
756 3049 860 3112 victus
883 3056 916 3113 et
938 3050 1035 3113 amris
1058 3070 1097 3113 ao
1119 3050 1164 3113 vi·

221 3135 311 3197 ribus
342 3136 493 3199 omnibus
520 3142 646 3200 exutus.
692 3138 806 3218 Itaque
836 3140 954 3201 frustra
987 3159 1064 3202 eum
1098 3160 1164 3201 me·

221 3224 358 3300 tuimus,
405 3226 463 3305 qui
506 3226 543 3289 in
580 3226 745 3289 Christum
787 3228 960 3304 oredimus,
996 3228 1165 3291 -uiotorem
1268 3270 1271 3317 4

221 3313 345 3376 mortis.
1269 3322 1271 3343 l

312 3559 339 3627 1)
357 3559 382 3613 1.
402 3558 466 3614 σοι.
485 3558 528 3613 rs.

312 3770 337 3837 ⁸)
356 3772 392 3825 In
410 3788 498 3839 marg.
518 3773 581 3829 coll.
599 3774 675 3827 Ien.:
695 3772 769 3827 Psal.
788 3773 831 3826 91.
