2575 4225
199 258 262 322 174
533 259 637 339 Caput
659 258 802 337 primum

195 443 302 500 tantos
325 455 490 499 successus
517 437 662 499 retulerit
692 443 839 518 acceptos
868 456 944 501 suae
975 438 1136 517 religioni,

195 546 261 602 seu,
285 530 323 587 ut
344 525 450 589 verius
472 525 588 602 dicam,
612 526 721 606 potius
744 526 910 589 idolatriae
926 545 1010 589 suae.
1050 526 1137 589 Nam

195 616 257 677 hoc
294 614 464 676 manifeste
495 634 608 694 regum
641 614 776 678 historia
809 616 923 691 tradit,
964 616 1137 678 retinuisse

197 723 271 765 eum
293 702 474 765 idolatricos
503 704 609 766 cultus
636 704 802 767 institutos
833 704 1038 767 aIerobeam
1068 704 1138 767 filio

196 792 308 854 Nebat.
355 791 408 854 Sic
430 797 538 855 nostro
561 793 668 855 seculo
690 793 793 874 impia
822 812 925 875 papae
954 793 1051 856 turba
1077 794 1136 855 1111-

196 901 270 960 gam
292 899 405 961 pacem
421 886 454 943 11
468 881 531 942 1111
548 881 719 943 commoda
734 882 935 963 superiorum
950 888 1138 964 temporum

3 945 15 1036 ⁴*-
75 944 82 965 ⁸
123 1046 128 1051 ³
195 975 326 1051 accepta
353 969 414 1031 fert
442 969 596 1045 cultibus,
626 971 684 1050 qui
714 990 752 1032 eo
780 976 924 1052 tempore
947 971 1136 1037 floruerunt.

195 1058 313 1121 Contra
342 1058 523 1138 praesentia
545 1058 752 1122 incommoda
773 1060 945 1135 bellorum,
976 1068 1137 1136 annonae,

194 1147 377 1228 pestilitatis
400 1148 542 1228 imputat
564 1148 737 1227 evangelio.

284 1236 346 1299 Sed
368 1237 504 1299 historia
528 1237 557 1297 2.
575 1236 652 1315 Reg.
680 1230 750 1298 14.¹
778 1256 887 1299 veram
910 1254 1041 1298 causam
1066 1256 1137 1299 suc·

195 1344 303 1387 cessus
330 1325 390 1387 sub
413 1326 515 1405 impio
537 1345 610 1404 rege
632 1324 787 1401 ostendit,
812 1344 944 1405 nempe,
969 1323 1064 1417 quod
1081 1346 1135 1408 po·

195 1414 291 1494 pulus
325 1420 396 1476 tum
423 1416 509 1477 varie
539 1414 637 1476 fuerit
665 1414 805 1477 afflictus
835 1434 855 1475 a
884 1413 981 1493 Syris.
1028 1414 1138 1476 Deum

195 1502 295 1581 igitur
316 1522 374 1582 pro
398 1522 456 1564 sua
478 1502 697 1566 misericordia
714 1503 811 1571 etiam
827 1522 901 1582 erga
915 1502 1017 1565 malos
1033 1502 1138 1565 fuisse

195 1591 384 1653 beneficum.
436 1592 488 1654 Sic
523 1591 612 1654 enim
642 1591 722 1654 dicit
751 1592 922 1672 scriptura:
959 1591 1052 1654 Vidit
1081 1592 1137 1656 do·

196 1680 304 1742 minus
327 1680 537 1743 afflictionem
560 1681 659 1743 lsrael
681 1700 824 1743 amaram
847 1680 961 1756 nimis,
991 1687 1023 1743 et
1045 1682 1137 1761 quod

196 1769 379 1850 consumpti
410 1776 517 1832 essent
546 1789 649 1848 usque
683 1768 724 1831 ad
759 1771 883 1831 clausos
917 1769 1066 1845 carceris,
1104 1776 1138 1833 et

196 1865 370 1934 extremos,
400 1865 433 1920 et
454 1879 521 1921 non
544 1864 627 1920 esset
650 1858 707 1938 qui
734 1858 950 1920 auxiliaretur.
996 1857 1063 1921 Nec
1091 1859 1135 1921 lo·

196 1952 289 2009 cutus
319 1952 368 2009 est
395 1947 561 2023 dominus,
590 1952 627 2009 ut
656 1946 777 2009 deleret
802 1966 922 2009 nomen
950 1946 1050 2009 Israel
1073 1949 1137 2009 sub

197 2036 293 2112 coelo,
317 2035 374 2098 sed
390 2036 524 2098 salvavit
539 2055 592 2099 eos
607 2055 666 2119 per
680 2055 814 2097 manum
830 2035 1005 2098 Ierobeam.
1044 2036 1138 2099 Haec

196 2143 271 2187 vera
292 2144 388 2186 causa
411 2145 576 2188 successus
601 2132 659 2202 est,
684 2125 771 2205 quod
794 2125 873 2188 deus
897 2125 995 2188 etiam
1017 2125 1053 2187 in
1068 2146 1136 2189 ma·

177 2214 180 2225 ¹
196 2212 244 2274 los
267 2218 316 2274 est
336 2212 508 2289 beneficus,
533 2233 591 2275 nec
612 2214 683 2276 vult
703 2213 843 2294 perdere,
868 2214 932 2277 nisi
946 2214 1036 2295 prius
1051 2214 1138 2278 bene

197 2300 379 2364 admonitos
402 2321 459 2382 per
481 2302 624 2365 verbum.
672 2303 855 2365 Meruerant
877 2303 976 2382 igitur
1002 2311 1138 2384 peccata

197 2390 348 2467 exitium,
379 2390 436 2453 sed
464 2390 541 2471 quia
570 2389 722 2454 dominus
751 2392 886 2455 exitium
914 2412 971 2473 per
999 2393 1137 2455 verbum

197 2479 343 2542 nondum
365 2478 584 2560 praedixerat,
615 2480 688 2544 ideo
712 2481 849 2544 salutem
876 2481 1005 2544 afflictis
1032 2483 1136 2559 misit,

197 2573 230 2630 et
255 2569 290 2629 in
318 2569 373 2630 illo
400 2588 549 2632 successu
579 2570 677 2632 etiam
705 2569 831 2632 addidit
860 2570 965 2632 maius
1000 2568 1137 2647 donum,

196 2655 306 2718 fideles
329 2656 489 2732 doctores,
520 2657 578 2735 qui
600 2663 633 2719 et
654 2658 867 2721 hortabantur
896 2657 937 2721 ad
968 2659 1139 2740 pietatem,

197 2749 229 2804 et
265 2742 447 2806 idolatriam
484 2744 692 2807 damnabant.
746 2746 808 2808 Sed
845 2738 907 2810 h'oc
939 2747 1139 2810 beneficium

196 2832 284 2895 verbi
306 2851 381 2894 cum
404 2832 602 2913 negligerent
623 2833 732 2916 impii,
757 2840 790 2897 11
812 2855 960 2899 successu
983 2836 1038 2898 illo
1062 2855 1136 2912 oon-

85 2946 89 2949 ’
195 2926 245 2984 111
266 2922 401 2986 verbum
424 2929 456 2985 11
477 2924 651 3004 prophetas
674 2920 896 3001 abuterentur,
927 2931 1036 2987 secuta
1064 2931 1135 2988 tan·

194 3008 268 3073 dem
291 3016 340 3073 est
362 3011 504 3075 vastitas.

281 3100 353 3162 Non
379 3099 477 3180 igitur
506 3101 625 3164 frustra
654 3106 718 3176 est,
749 3100 836 3180 quod
866 3101 1001 3164 historia
1030 3101 1138 3180 addit,

187 3186 341 3249 nondum
362 3189 507 3251 locutum
530 3188 717 3265 dominum,
747 3189 834 3269 quod
858 3190 953 3253 vellet
981 3191 1138 3254 Israelem

92 3341 95 3344 ,
195 3276 308 3338 delere.
360 3276 424 3348 Qui
458 3284 604 3341 nostrum
638 3278 783 3340 seculum
822 3278 992 3358 diligenter
1031 3281 1137 3342 oonsi-

194 3365 294 3442 derat,
314 3363 561 3428 similitudinem
577 3367 719 3446 aliquam
734 3367 870 3429 istorum
885 3373 1069 3449 temporum
1089 3371 1139 3434 vi-
1237 3407 1246 3420 ·

23 3434 105 3557 ἓ)
195 3452 294 3530 debit,
329 3473 427 3534 quare
461 3454 560 3518 etiam
594 3461 744 3520 eventum
780 3455 919 3519 similem
946 3457 1062 3520 merito
1097 3459 1148 3522 ti·-

58 3548 80 3600 ’ἲ
195 3561 331 3606 memus.

285 3733 312 3803 1)
330 3733 355 3788 a.
374 3735 443 3801 seg.
463 3734 505 3788 14.
