2575 4225
395 235 526 300 356
1005 286 1012 295 .
1032 232 1242 313 Caput
1286 229 1638 312 septimum

406 410 889 492 Hif2·s÷:;·501ymis,
938 409 1053 474 sed
1098 429 1138 471 a
1180 407 1409 474 vicinis
1454 406 1784 489 gentibue,
1831 408 2170 491 Aegyptiis
2217 415 2286 474 et

402 502 701 563 ὴΰμκτὶἱε.

582 589 797 652 Utitur
826 587 1050 652 Esaias
1082 607 1341 670 quoque
1381 585 2287 652 similitudine-columbarum

402 703 490 739 ιιιι,
542 679 643 739 EO.
659 672 683 710 ¹
739 697 889 741 cum
936 676 1017 740 de
1063 676 1370 760 apostolis
1417 682 1481 740 et
1525 675 1934 757 evangelistis
1977 676 2283 741 vaticina-

406 783 518 831 tur.
618 766 742 831 Sed
794 767 882 829 in'
930 766 1035 830 his
1094 765 1532 842 commendat,
1602 765 1778 847 quod
1835 771 2080 830 norunt
2134 785 2284 832 suas

402 859 738 932 svm-stram
795 876 916 920 nec
961 857 1185 919 sinunt
1230 876 1298 918 se
1355 876 1396 918 a
1437 854 1632 920 verbo
1677 860 1996 935 tanquam
2049 876 2092 917 a
2119 876 2285 942 ,vero

402 947 554 1007 nido
614 944 846 1009 abduci
904 944 988 1008 ad
1044 945 1250 1027 impia
1308 943 1628 1025 dogmata.
1745 937 1772 978 ²
1781 943 1936 1008 Ideo
1992 943 2286 1009 Christus

402 1054 658 1115 qumque
719 1035 1061 1119 Apostolos
1118 1034 1259 1098 vult
1318 1033 1763 1096 columbarum
1822 1032 2065 1096 similes
2124 1053 2284 1113 esse,

402 1127 574 1203 qus-ul
642 1123 725 1186 ad
805 1123 1290 1206 simplicitatem
1369 1128 1435 1185 et
1510 1122 1950 1185 innocentiam
2030 1123 2283 1186 attinet.

402 1219 737 1275 {fluv-*lerum
795 1213 1010 1276 addit:
1083 1214 1304 1276 Estote
1362 1210 1711 1293 prudentes
1779 1216 1856 1275 ut
1931 1217 2285 1293 serpentes,

406 1327 548 1363 mm]
602 1303 813 1365 fatuae
859 1301 1194 1365 columbae
1238 1300 1668 1381 decipiuntur,
1725 1305 1791 1363 et
1833 1299 2176 1381 patiuntur
2219 1320 2289 1364 se

402 1391 474 1451 ηε]
534 1391 769 1452 alienos
800 1389 988 1453 nidos
1034 1390 1379 1453 assuefieri.
1441 1389 1520 1451 Id
1559 1389 1632 1451 in
1663 1388 1901 1451 Christi
1944 1387 2290 1471 discipulis

402 1499 538 1539 asssszz*
586 1498 717 1540 non
762 1478 972 1554 debet,
1032 1479 1105 1540 hi
1150 1478 1328 1541 enim
1373 1477 1760 1560 prudentem
1804 1476 2293 1559 simplicitatem

406 1571 727 1647 lazffistent
786 1585 1044 1629 necesse
1100 1573 1224 1643 est,
1288 1586 1445 1630 nam
1498 1565 1879 1648 simplicitas
1937 1572 2064 1643 est,
2125 1568 2296 1631 nihil

406 1663 689 1735 &metare
764 1675 962 1735 quam
1034 1656 1140 1719 dei
1195 1656 1464 1736 gloriam
1532 1661 1600 1718 et
1651 1655 1936 1736 proximi
1991 1656 2288 1734 salutem,

402 1744 745 1827 prwlentia
789 1764 1008 1809 cavere
1051 1745 1316 1826 laqueos
1339 1744 1646 1821 Satanae,
1696 1750 1762 1807 et
1804 1736 2064 1831 tantum
2095 1746 2291 1811 verbo

402 1851 590 1895 lffllltl
606 1887 614 1895 ,

494 1995 1005 2107 Qvoeunque
1049 1993 1310 2074 igitur
1369 1994 1760 2070 abierint,
1825 1995 2293 2077 expandam

562 2087 566 2091 '
614 2103 841 2164 super
870 2102 1003 2147 eos
1034 2088 1196 2148 rete
1226 2102 1505 2161 meum,
1555 2089 1630 2148 et
1659 2083 1945 2149 cadere
1976 2083 2292 2158 faciam

494 2171 695 2234 siout
740 2191 923 2237 aves
970 2171 1209 2248 coeli,
1260 2191 1343 2234 ac
1389 2173 1810 2253 castigabo
1855 2192 2016 2249 e08,
2075 2173 2292 2252 sicut

494 2259 834 2324 ,audiunt
876 2260 963 2322 in
1008 2260 1369 2325 ecclesia
1413 2281 1573 2324 sua.

410 2404 626 2512 ssHno
671 2401 937 2465 tandem
990 2401 1346 2484 impietatis
1401 2403 1725 2485 premium
1778 2408 1901 2479 est,
1963 2407 2032 2466 et
2075 2403 2289 2466 exitus

450 2509 452 2511 ·
518 2509 521 2510 ⁷
594 2492 947 2575 impiorum
1008 2490 1371 2567 foederum,
1444 2511 1608 2571 quae
1675 2491 2117 2572 suscipiuntur
2175 2512 2288 2574 spe

402 2584 490 2640 lm
502 2600 838 2642 manorum
896 2580 1305 2642 auxiliorum.
1399 2581 1745 2660 Emphasis
1805 2585 1903 2643 est
1946 2579 2018 2643 in
2061 2600 2288 2663 prono-

406 2672 602 2740 mine,
674 2688 897 2729 meum
940 2671 1116 2730 rete..
1184 2668 1263 2729 Id
1323 2668 1499 2730 enim
1558 2668 1876 2732 eiusmodi
1921 2675 2049 2750 est,
2113 2670 2289 2750 quod

406 2760 680 2832 offusam
725 2755 884 2816 mali
928 2775 1061 2818 non
1091 2762 1383 2837 possunt.
1475 2757 1758 2822 Includit
1802 2763 2021 2821 autem
2067 2758 2288 2822 simili-

410 2848 558 2908 tutha
610 2852 749 2906 tum
811 2844 1219 2907 securitatem
1263 2845 1644 2928 impiorum,
1695 2853 1839 2910 tum
1885 2845 2179 2910 subitum
2225 2853 2293 2910 et

409 2934 825 3016 inqu-ovisum
860 2933 1165 3015 exitium.
1495 2973 1497 2975 ·
2127 2987 2134 2990 Α

586 3023 771 3096 Quod
850 3023 920 3085 in
980 3023 1229 3087 Ebraeo
1301 3029 1398 3086 est
1476 3024 1856 3100 ‚keschema‘
1928 3024 2292 3088 secundum

408 3116 701 3176 auditum
747 3112 1045 3175 ecclesiae
1092 3131 1334 3188 eorum,
1382 3116 1536 3175 nota
1579 3113 1830 3195 phrasis
1876 3118 1991 3176 est.
2085 3113 2292 3194 Signi-

410 3204 554 3264 [isat
614 3207 829 3264 autem-
900 3220 1140 3282 poenas
1202 3220 1364 3282 quas
1417 3201 1628 3264 Moses
1695 3202 1980 3265 minatur
2044 3202 2291 3283 impiis.

406 3292 586 3352 ffirut-
634 3290 855 3352 Esaias
902 3309 1157 3370 quoque
1204 3290 1544 3370 aliquoties
1587 3290 1892 3371 loquitur,
1949 3311 2082 3353 non
2129 3289 2294 3353 desi-

406 3380 614 3440 derari
634 3429 647 3456 ‚
714 3398 797 3444 ne
848 3397 1057 3441 unum
1115 3378 1383 3460 quidem
1443 3399 1690 3481 eorum,
1765 3398 1930 3460 quae
1985 3378 2274 3442 dominuz

586 3556 638 3620 1]
678 3554 811 3608 Esa.
850 3553 935 3608 60.
1011 3553 1067 3614 2)
1104 3554 1306 3609 Estote
1343 3554 1636 3622 simplices
1676 3557 1743 3607 ut
1778 3541 2091 3608 columbae.

432 3668 462 3672 -
473 3668 515 3672 --
559 3664 2258 3674 —————————-———-—-———-——

586 3712 637 3780 *3
673 3714 745 3765 In
780 3729 953 3780 marg.
993 3714 1116 3768 coll.
1154 3715 1302 3768 Ien.:
1340 3713 1667 3783 Impietatis
1703 3714 2039 3784 praemium.
