2575 4225
424 269 566 332 Hoseam
590 269 789 350 prophetam.
1014 266 1075 330 167

135 449 172 511 in
202 466 268 527 qua
296 452 370 509 nost
370 446 397 508 ri
423 446 642 527 prophetaet
642 466 676 508 es
678 447 812 508 timonio
841 447 956 522 utitur,
987 445 1074 522 dicit,

136 557 196 599 nos
220 535 373 622 omnibus
392 535 579 598 hominibus
594 535 839 597 miserabiliores
855 555 933 611 esse,
958 535 986 598 si
1009 541 1075 597 tan

137 632 209 688 tum
237 625 273 686 in
301 625 437 685 hact
390 624 437 688 vit
437 643 457 684 1
482 625 518 686 in
545 624 708 686 Christum
736 643 917 706 speramus,
950 630 982 687 et
1011 643 1077 686 non

134 715 265 776 1111111
288 731 325 775 ac
348 719 494 776 aeternae
516 713 601 775 vitae
624 731 716 793 spem
739 719 858 776 certam
886 712 1076 776 circumferi·

138 823 213 865 mus
235 802 396 864 inclusam
419 801 535 864 animis
559 801 686 864 nostris.

226 890 305 953 Ideo
327 890 502 971 prophetae
531 910 659 970 quoque
688 890 749 952 etsi
776 909 903 952 summo
926 910 1002 952 cum
1024 889 1075 952 do

136 982 212 1056 lore,
233 979 286 1042 sui
300 980 413 1060 populi
428 979 634 1041 imminentes
650 978 846 1042 calamitates
862 984 1075 1060 expectarent,

133 1077 169 1132 et
182 1069 305 1150 impiae
320 1067 527 1131 multitudine
542 1087 617 1131 vero
632 1068 698 1129 zelo
714 1061 949 1142 succenserent
968 1073 1077 1130 tamen

139 1158 266 1238 quoties
290 1157 484 1219 delabuntur
513 1157 547 1218 in
577 1157 649 1218 illas
679 1155 719 1217 de
746 1175 844 1235 regno
868 1155 986 1219 Christi
1008 1176 1077 1236 pro-

136 1247 282 1328 phetias,
317 1246 425 1309 subito
447 1245 565 1325 gaudio
588 1245 724 1326 perfusi,
760 1251 792 1306 et
814 1245 1017 1307 stomachum
1046 1250 1078 1306 et

8 1366 9 1376 ¹
136 1355 271 1398 sensum
286 1355 416 1397 ornnem
431 1334 648 1396 humanarum
671 1332 890 1396 calamitatum
912 1334 1075 1396 amittunt.

8 1413 10 1474 ἶ
136 1425 225 1498 Quid
236 1424 325 1485 enirn
339 1425 518 1486 metueret?
541 1422 621 1502 quid
631 1426 792 1484 recusaret
801 1424 948 1484 omnium
959 1423 1076 1485 incom-

138 1513 322 1588 modorum,
347 1531 429 1590 quae
450 1513 530 1574 haec
549 1511 617 1575 vita
635 1512 735 1575 habet
763 1511 843 1592 quid
859 1512 1078 1591 querularetur

135 1603 180 1679 11,
218 1602 276 1681 qui
304 1600 403 1662 deum
430 1620 487 1682 per
516 1601 681 1663 Christum
710 1600 950 1663 reconciliatum
978 1601 1077 1676 novit,

8 1704 9 1726 ¹
135 1698 227 1754 etse
250 1689 365 1752 statuit
391 1689 432 1751 ad
462 1689 723 1752 communionem
750 1689 937 1753 meritorum
962 1688 1079 1752 Christi

137 1785 289 1842 vocatum
312 1780 405 1841 esse?

226 1868 342 1947 ltaque
368 1867 420 1929 his
447 1867 641 1949 perturbatis
672 1866 870 1947 temporibus
900 1885 983 1945 quae
1013 1885 1079 1928 non

137 1958 247 2020 solum
270 1956 465 2037 reipublicae
488 1955 545 2018 sed
575 1955 725 2018 ecclesiae
755 1974 883 2034 quoque
913 1955 1079 2016 minantur

137 2046 371 2128 prophetarum
382 2045 550 2107 conciones
562 2045 684 2106 utiliter
696 2043 837 2105 ecelesiis
845 2047 1077 2125 proponuntur.

136 2136 211 2197 Non
234 2135 341 2198 solum
369 2140 407 2197 ut
434 2133 647 2197 similitudine
670 2132 812 2213 quadarn
834 2138 1009 2196 eventuum
1031 2132 1080 2213 pii

136 2244 172 2287 se
196 2224 410 2299 consolentur,
435 2223 492 2285 sed
514 2223 613 2285 etiam
634 2228 673 2285 ut
695 2222 789 2284 altius
809 2222 947 2301 infigant
962 2222 1079 2285 animis

137 2333 215 2395 opes
244 2312 336 2391 regni
359 2312 493 2387 Christi,
522 2332 603 2393 quas
626 2332 646 2373 a
668 2311 833 2392 prophetis
861 2318 929 2374 tam
958 2310 1078 2391 magni·

136 2403 196 2464 fiee
219 2401 334 2464 vident
355 2400 611 2477 commendatas,
642 2419 717 2462 cum
740 2405 850 2461 tamen
873 2420 939 2461 non
961 2405 999 2461 ut
1021 2418 1079 2462 nos

8 2521 9 2562 1
135 2491 252 2572 hodie,
285 2490 446 2566 exhibitas
469 2509 522 2551 eas
544 2488 705 2564 viderent,
735 2487 791 2550 sed
820 2487 985 2551 crederent
1007 2493 1081 2568 post

41 2651 45 2658 ,
136 2582 244 2642 multa
267 2580 375 2641 secula
396 2578 595 2640 exhibendas
618 2576 751 2640 mundo.

235 2663 339 2741 ¹Quia
367 2674 476 2730 autem
505 2666 680 2730 10111111
671 2686 706 2728 11
740 2666 802 2728 hac
836 2663 995 2729 11111111
1033 2670 1081 2727 est

8 2807 10 2830 ,
136 2776 266 2838 corpus,
302 2755 389 2835 quod
417 2756 520 2819 multa
542 2755 661 2818 viciosa
682 2755 829 2818 membra
850 2754 957 2830 habet,
982 2753 1081 2816 etiam

8 2885 10 2912 ι
137 2867 213 2909 eam
237 2845 280 2908 ob
296 2863 426 2907 causam
442 2845 671 2925 prophetarum
693 2844 787 2907 lectio
811 2850 860 2907 est
882 2804 980 2918 utilis,
1005 2843 1081 2921 quia

136 2936 240 2997 habet
269 2934 441 2996 crebriores
473 2939 505 2995 et
531 2934 690 3012 graviores
718 2932 964 3011 obiurgationes.
1012 2931 1082 2992 Etsi

139 3025 229 3085 enirn
250 3022 396 3085 Christus
419 3028 452 3084 et
474 3022 610 3102 apostoli
632 3040 761 3101 quoque
782 3020 949 3082 minantur
964 3018 1080 3086 facino-

139 3112 231 3188 rosis,
256 3116 290 3173 et
305 3110 441 3190 graviter
456 3110 696 3192 reprehendunt
710 3108 798 3185 vitia,
814 3113 926 3171 tamen
947 3107 1080 3189 propbe-

139 3209 248 3264 aarum
264 3200 434 3263 conciones
449 3199 521 3262 ideo
537 3199 578 3261 ad
594 3196 799 3261 deterrendos
814 3198 916 3260 malos
932 3196 1080 3278 aptiores,

13 3273 20 3300 '¹
138 3293 173 3352 11
196 3288 239 3351 ad
262 3289 413 3350 timorem
440 3288 494 3351 dei
520 3287 750 3350 inculcandum
772 3286 964 3361 ¹efficatiores
996 3290 1080 3360 sunt,

159 3377 218 3457 uia
248 3371 375 3458 semper
403 3382 505 3439 certas
534 3396 654 3457 poenas
684 3376 920 3456 flagiciosorum
948 3372 1080 3450 addunt,

159 3486 223 3546 'uas
255 3472 389 3529 eventus
417 3472 529 3547 postea
562 3464 704 3528 ostendit
737 3485 804 3527 non
838 3464 937 3525 fuisse
972 3480 1081 3525 vanas.

159 3562 249 3635 itque
272 3555 353 3618 haec
376 3574 504 3635 quoque
535 3574 631 3616 causa
662 3553 737 3628 fuit,
770 3573 827 3634 cur
852 3552 1083 3633 prophetarum

232 3746 260 3814 1)
281 3746 418 3800 Doctrina
436 3746 473 3800 de
491 3744 627 3799 moribus.
687 3762 694 3767 ·
