2575 4225
461 259 587 322 Hoseae
609 261 794 353 prophetae.
1031 260 1095 322 325

159 436 278 511 ,Asma‘
302 435 463 515 significat
477 444 654 518 peccatum,
679 444 712 501 et
726 437 867 501 hostiam
881 457 940 519 pro
955 443 1094 518 peccato,

157 525 203 587 ita
224 524 360 588 verbum
383 526 541 600 ,Aschcm‘
565 532 728 607 utrunque
751 526 923 606 significat,
953 546 1093 607 peccaro,

158 618 190 675 ct
211 619 380 693 peccatum
403 606 535 695 expiare,
562 616 725 678 sacrificio.
771 615 845 677 Non
871 614 975 678 solum
998 615 1096 694 igitur

157 702 317 781 significat
345 704 502 784 propheta
524 724 596 765 eam
618 704 835 785 poenitentiae
863 709 1006 785 partem,
1031 723 1096 783 qua

158 790 360 870 agnoscimus
387 797 565 872 peccatum.
611 793 674 855 Sed
697 794 794 856 ctiam
817 792 931 869 fidem,
962 812 1026 872 qua
1049 811 1094 854 sa·

11 861 12 910 3
82 907 86 914 ·
158 879 313 942 orificium
329 880 447 943 Christi
465 902 523 962 pro
538 883 678 964 peccatis
693 882 838 944 oblatum
861 880 1094 962 amplectimur,

157 975 189 1031 et
211 988 231 1030 a
252 969 391 1049 pcccatis
409 969 616 1033 mundamur.
663 972 747 1033 Tum
770 969 857 1031 enim
880 970 1095 1032 sacrificamus

156 1077 215 1138 pro
243 1064 390 1138 peccato,
427 1078 503 1121 cum
536 1060 728 1122 sacrificium
759 1058 877 1121 Christi
910 1058 1002 1121 nobis
1031 1056 1095 1119 fide

156 1146 365 1227 applicamus.
411 1147 488 1210 Ideo
505 1148 664 1223 ,Aschem‘
688 1147 784 1210 libuit
805 1152 936 1225 uertere,
961 1146 1095 1209 abiicere

155 1254 212 1298 seu
234 1235 395 1316 deponere
417 1241 600 1317 peccatum,
628 1238 676 1300 ita
705 1237 793 1318 enim
821 1241 983 1316 utrunque
1013 1254 1094 1297 com·

155 1324 338 1406 plectimur,
377 1331 411 1387 et
446 1326 638 1388 sacrificium
676 1325 807 1402 Christi,
865 1344 930 1405 quo
966 1330 1097 1405 peccata

156 1419 264 1476 nostra
292 1434 313 1475 a
334 1414 429 1477 nobis
450 1415 615 1478 transtulit
640 1414 727 1478 filius
754 1414 816 1491 dei,
848 1419 880 1477 et
903 1413 1095 1476 emendatio·

155 1504 1039 1674 ”³¹³⁰’1l0‘tasigibed&fissirsstltlffitdiaa
1078 1611 1097 1651 a

155 1680 283 1743 medico
305 1685 339 1742 et
360 1680 522 1743 medicina
548 1682 717 1744 abhorrere
746 1680 857 1756 debet,
889 1679 1096 1743 honorandus

156 1769 245 1831 enim
268 1774 317 1831 est
338 1769 483 1832 medicus
505 1776 635 1851 propter
666 1769 897 1833 necessitatem.
944 1770 995 1831 Ita
1021 1788 1095 1847 quo·

157 1877 219 1937 que
243 1877 318 1919 cum
341 1858 474 1920 afflictio
497 1860 540 1921 sit
561 1858 724 1921 medicina
745 1858 887 1933 animae,
912 1876 977 1937 qua
1000 1856 1095 1917 dedu-

156 1946 260 2009 cimur
281 1947 318 2008 in
332 1947 549 2026 cognitionem
571 1948 695 2028 peccati
718 1952 751 2009 et
765 1965 916 2026 urgemur
938 1944 979 2006 ad
1003 1964 1095 2023 quae-

156 2035 294 2097 rendum
323 2036 453 2097 firmum
490 2036 649 2101 auxilium
676 2042 786 2099 contra
814 2040 997 2118 peccatum,
1030 2052 1097 2097 non
1167 2041 1171 2046 ’

157 2124 313 2188 debemus
335 2145 407 2187 eam
422 2125 537 2202 odisse,
560 2147 628 2189 non
643 2125 813 2206 querulari,
837 2123 1097 2186 muliercularum

157 2233 256 2290 more,
281 2213 338 2276 sed
361 2214 555 2295 deogratias
578 2235 680 2295 agere,
705 2215 844 2295 quinos
867 2213 1008 2277 visitavit
1030 2233 1097 2274 non

157 2303 193 2364 in
214 2303 272 2378 ira,
297 2322 485 2383 quanquam
508 2310 556 2367 est
578 2305 635 2381 ira,
660 2304 716 2367 sed
738 2305 775 2365 in
790 2303 900 2382 gratia.
946 2302 1097 2363 Irascitur

158 2392 262 2468 enim,
292 2412 338 2471 ne⁴
355 2392 565 2474 perduremus
588 2393 624 2455 in
647 2393 800 2474 peccatis,
832 2391 889 2453 sed
911 2396 1095 2453 utconver-

158 2486 266 2542 tamur
288 2487 321 2543 et
335 2483 504 2556 salvemur.
551 2481 646 2554 Quod
669 2481 697 2543 si
720 2482 841 2559 absque
856 2481 918 2542 hoc
939 2478 987 2539 ira
1003 2483 1094 2552 esset,

159 2570 335 2650 periremus
357 2570 392 2632 in
407 2570 556 2652 peccatis.
602 2571 686 2632 Nam
702 2587 740 2631 ea
762 2568 895 2630 demum
910 2565 1097 2647 gravissima

158 2659 206 2719 ira
227 2663 286 2733 est,
311 2679 386 2721 cum
401 2665 531 2740 peccata
553 2679 620 2722 non
643 2658 738 2740 punit
753 2657 913 2732 dominus,
938 2655 994 2718 sed
1017 2655 1096 2717 sinit

158 2747 305 2810 homines
327 2747 403 2810 ferri
425 2748 492 2811 suis
514 2748 759 2829 cupiditatibus,
788 2747 872 2809 siout
894 2765 992 2826 supra
1014 2743 1097 2806 dixit

158 2835 193 2897 in
217 2836 248 2896 4.
273 2835 313 2898 de
335 2837 463 2900 filiabus
480 2837 724 2900 fornicantibus.
770 2835 907 2898 Vexatio
930 2834 1017 2895 enim
1040 2832 1097 2893 dat

158 2924 372 2991 intellectum,
407 2932 440 2989 et
473 2927 551 2988 facit
584 2925 747 2988 attendere
774 2924 886 2998 verbo,
926 2923 1009 2984 siout
1042 2920 1095 2981 hic

159 3012 252 3075 dicit:
276 3014 317 3075 In
331 3014 536 3078 tribulatione
556 3034 615 3077 sua
636 3033 732 3075 mane
750 3032 803 3073 me
819 3015 982 3090 quaerent.
1013 3009 1096 3070 Nota

160 3107 269 3164 autem
291 3102 418 3183 phrasis
448 3109 498 3166 est
524 3104 560 3165 in
589 3103 687 3166 verbo
712 3099 865 3178 ‚Schihar‘
890 3097 977 3178 quod
994 3097 1094 3193 ‘signi

159 3189 233 3252 ficat
255 3191 428 3254 vehemens
451 3192 595 3254 studium
619 3197 651 3252 et
673 3189 922 3253 festinationem.
1082 3185 1085 3194 “

203 3365 362 3475 Venite
379 3366 977 3440 etrevertamuraddominum,
1002 3383 1094 3444 quo·

270 3459 376 3520 niam
395 3459 482 3539 ipse
509 3457 710 3520 lacerarit
729 3461 769 3519 et
807 3454 976 3518 sanabit
1008 3473 1093 3528 nos,

202 3547 402 3627 percussit
424 3553 462 3610 et
483 3546 707 3608 medebitur
730 3543 858 3606 nobis.

248 3738 275 3803 1)
289 3738 365 3803 Quid
377 3737 548 3808 laciendum,
561 3754 626 3792 cum
636 3737 777 3792 sentimus
788 3751 897 3804 poenas
906 3739 1094 3803 peccatorum.
