2575 4225
448 300 547 363 anae
569 302 754 384 prophetae.
1027 307 1067 369 51

129 478 213 541 ferri.
263 478 410 561 ecliptica
425 484 502 541 suut
517 478 635 544 omnia.
683 483 776 563 quasi
796 475 900 567 dhoet]
924 482 994 565 fciet
1008 483 1071 564 aad)

129 568 204 651 fuir,
241 573 334 631 tanta
367 568 517 633 imminet
550 571 730 651 persecutio
763 578 800 635 ut
828 591 894 635 nen
923 579 1072 654 parcetur

121 659 228 721 'etiam
244 657 300 719 isai
318 663 428 721 sancte
451 658 520 722 ioco
539 665 603 722 etc.
628 660 689 723 erit
710 680 767 722 rex
789 661 846 742 qui
869 668 960 725 tanto
983 661 1070 724 arde·

130 746 178 809 bit
201 746 309 809 furore
331 752 368 809 ui
390 765 456 810 non
491 754 601 829 parcet
630 748 742 813 domui
769 749 898 814 divinae
927 752 963 813 in
985 752 1069 814 Ieru-

130 836 240 911 salem,
265 841 357 899 teuto
379 835 485 900 furore
508 838 649 919 percitus
672 845 721 902 est
743 838 831 903 deus.

520 998 581 1060 Pro
604 995 670 1076 eo‚¹

128 1104 180 1166 vel
202 1108 380 1186 propterea.
427 1104 549 1168 Nolunt
576 1106 714 1182 bonum,
738 1105 880 1168 habeant
910 1125 985 1187 ergo
1006 1126 1071 1168 ma·

128 1193 198 1255 lum
223 1212 254 1273 q.
279 1191 311 1254 d.
336 1192 492 1274 Ephraim
516 1192 566 1259 mii
589 1194 698 1277 supina
719 1193 822 1276 iuben!
851 1214 910 1257 nos
933 1195 1072 1257 dicimus

127 1280 221 1365 tinget
243 1279 309 1360 aaa
333 1281 451 1364 sapiae.

423 1444 491 1525 ipsi
514 1437 777 1529 reg[aauemnt]²:

128 1549 246 1612 melius
276 1548 353 1613 iacti
382 1555 459 1613 sunt
485 1570 574 1631 reges
605 1552 675 1614 sine
706 1571 776 1628 mc,
807 1551 970 1633 principes
994 1552 1072 1614 sacti

129 1644 207 1701 suni
230 1645 289 1701 eie.
314 1639 410 1703 verbo
427 1658 486 1703 suo
501 1639 581 1703 deus
596 1639 700 1704 voluis
714 1642 782 1721 regi
796 1641 886 1718 hunc
901 1640 1070 1722 populum,

128 1727 203 1791 ideo
226 1727 403 1809 prophetae
431 1727 500 1792 dati
529 1736 620 1805 sunt,
652 1730 709 1792 sed
738 1730 792 1791 hic
820 1729 923 1792 voluit
951 1749 1072 1792 novum

129 1816 266 1879 modum
296 1814 434 1897 αητίᾦῒεπ
464 1824 496 1880 et
525 1837 558 1881 se
582 1824 725 1899 augunt,
759 1825 791 1881 et
813 1818 1016 1881 constituunt
1038 1837 1071 1879 se

129 1906 217 1987 ipses
241 1924 330 1985 reges
353 1911 412 1969 etc.

425 2068 550 2131 Aurum
574 2082 670 2130 suum
693 2060 784 2143 eta?

131 2173 165 2235 id
191 2179 255 2236 esi:
281 2181 440 2253 quaerunt
462 2175 516 2242 bei
540 2174 576 2258 iic
598 2172 700 2240 moilen
722 2172 894 2258 nuterpeieta

358 2335 521 2400 Proiectus
545 2343 594 2400 est
616 2337 737 2400 vitulus
760 2341 845 2398 tuus.
958 2342 964 2350 '

221 2442 317 2504 credo
356 2443 497 2524 appellat
535 2444 676 2508 vitulum
709 2443 883 2505 Bethavcn.
919 2475 962 2484 -—
996 2447 1073 2503 noia

131 2548 215 2610 quae
246 2550 345 2611 supra
372 2530 459 2595 dicta
488 2539 564 2595 sunt
597 2532 638 2595 dc
665 2532 750 2594 Iesre
785 2531 912 2594 civitate
939 2528 1071 2591 Israhel·

130 2619 276 2682 Samaria
299 2626 366 2682 erat
388 2621 478 2701 regni
501 2629 599 2704 caput
626 2621 684 2683 ubi
706 2627 841 2701 uterque
870 2624 971 2682 status
995 2625 1071 2693 erat,

92 2743 95 2748 ·
129 2729 199 2772 non
222 2714 407 2772 erexerunt:
431 2709 539 2774 credo:
564 2729 685 2774 novum
708 2709 856 2773 vituium.

514 2870 685 2935 Proiectus.

222 2975 396 3060 Prophetat
417 2978 619 3062 perdendum
647 2999 796 3060 regnum,
825 2978 879 3041 ille
907 2976 1011 3039 cultus
1041 2980 1074 3036 ei

13 3061 15 3072 '
129 3074 201 3132 tota
215 3061 360 3132 Samaria
375 3075 408 3132 et
426 3089 516 3150 reges
540 3077 572 3133 et
594 3069 734 3152 populus
756 3065 798 3148 iai
819 3065 890 3131 clici
913 3080 951 3131 an
973 3063 1073 3146 quiqui

131 3155 227 3240 gehen.
251 3222 253 3226 ,
274 3157 444 3239 Tapinosis
467 3158 573 3222 estin
596 3159 693 3221 verbo
716 3157 847 3231 vitulus,
872 3175 938 3217 non
961 3153 1069 3232 digna-

13 3255 19 3304 ξ·
130 3253 185 3309 tur
208 3264 283 3308 eum
307 3247 438 3310 nomine
462 3247 515 3310 dei
538 3267 570 3328 q.
595 3247 625 3309 d.
656 3254 687 3311 ei
716 3243 783 3310 mitt
811 3245 873 3311 hem
896 3240 959 3310 unt
990 3241 1073 3325 gehen

13 3411 15 3436 Ε
131 3334 185 3396 ”¹⁴⁹
207 3333 280 3416 euti.
326 3334 392 3401 ibet
414 3329 477 3402 (iet
500 3334 541 3417 iai
562 3333 589 3402 ir
611 3336 756 3418 emacitas.
781 3368 824 3380 -

490 3476 719 3573 .umunaaa‚'
813 3569 817 3573 ,

179 3610 242 3669 eei:
266 3606 454 3673 innocentes
469 3604 548 3683 ficri,
564 3603 785 3687 inculpabiles,
802 3600 836 3663 id
853 3608 916 3665 est:
941 3598 1073 3678 quando

225 3795 254 3866 1)
272 3813 298 3852 v.
318 3796 343 3849 a.
380 3796 407 3867 a)
424 3815 451 3853 v.
470 3797 496 3850 4.
532 3797 561 3867 a)
580 3815 606 3852 v.
626 3797 651 3849 s.

873 3882 913 3935 40
