2575 4225
437 290 564 354 Hoseae
587 292 772 373 prophetae.
1008 294 1090 357 415*

127 469 287 534 beneficia
310 488 384 544 sua,
415 468 456 532 ab
484 468 578 531 initio
600 469 678 533 huie
700 469 820 551 populo
844 470 1005 549 exhibita,
1036 478 1079 536 ut

128 565 220 662 tanto
243 557 444 640 conspectior
469 557 527 621 fiat
554 557 668 639 populi
687 558 886 643 ingratitudo
909 566 941 623 et
969 580 1079 642 poena.

129 654 333 801 lustloSruauis
360 737 494 800 affectus
518 742 583 812 est,
616 736 703 815 quod
727 743 892 817 comparat
914 738 1073 820 populum

128 826 216 889 hunc
244 825 366 907 puello,
397 825 454 905 qui
476 845 534 906 per
557 831 695 892 aetatem
723 824 871 887 nondum
893 831 1000 907 potest
1026 828 1072 889 in-

13 983 14 990 *
128 914 228 996 gredi.
282 915 366 976 Nam
402 914 535 977 exordia
564 913 700 977 habuit·
721 913 898 982 admodum
932 915 1076 993 infirma,

84 1052 87 1057 .
127 1005 213 1067 sicut
242 1004 341 1065 etiam
369 1003 457 1084 apud
485 1003 616 1065 Esaiam
650 1001 684 1064 id
714 1002 878 1083 praedicat
910 1004 1077 1081 dominus,

127 1112 204 1155 cum
232 1092 323 1155 iubet
353 1112 422 1173 cap.
456 1086 528 1153 51.¹
565 1098 604 1155 ut
630 1089 804 1172 respiciant
839 1090 881 1153 ad
915 1092 1073 1171 originem

127 1201 231 1257 suam,
256 1187 289 1244 et
311 1186 476 1261 comparat
490 1180 657 1243 Abraham
680 1179 787 1242 aridae
810 1184 929 1261 petrae,
958 1181 1070 1245 Seram

127 1276 239 1333 autem
260 1288 414 1334 cavernae
436 1269 525 1331 lacus
548 1289 605 1331 seu
627 1269 722 1345 fonti,
747 1268 788 1331 ad
812 1288 909 1348 quem
932 1290 999 1333 non
1023 1276 1077 1333 est,

126 1358 256 1441 aditus„
269 1365 307 1421 ut
329 1358 404 1420 inde
427 1376 514 1437 aqua
535 1358 603 1439 peti
626 1363 732 1437 queat.
1071 1412 1072 1415 ,

221 1441 403 1527 'Imprimis
426 1452 535 1509 autem
557 1447 692 1509 verbum
720 1446 875 1526 diligendi
902 1445 1074 1512 observan-

126 1536 206 1598 dum
237 1542 298 1613 est,
337 1535 480 1598 ostendit
506 1536 594 1599 enim
626 1535 662 1597 in
696 1555 733 1598 eo
766 1554 897 1597 omnem
925 1542 1075 1601 nostram.

13 1611 15 1632 '
127 1645 219 1706 spem
248 1624 344 1690 sitam
367 1644 436 1688 esse
459 1624 589 1700 debere,
617 1624 706 1705 quod
729 1620 808 1687 deus
836 1644 902 1687 non
925 1630 975 1688 est
1003 1645 1073 1688 cru·

13 1725 15 1778 t
126 1714 218 1790 delis,
243 1720 300 1776 aut
321 1713 457 1776 immitis
480 1720 647 1793 tyrannus,
678 1733 745 1775 non
767 1712 845 1789 odit,
870 1733 937 1775 non
959 1714 1076 1777 abiicit

13 1783 16 1808 ’
125 1803 291 1879 homines,
316 1801 372 1865 sed
396 1807 493 1865 amat.
540 1802 629 1864 Sicut
651 1822 711 1865 nos
734 1802 875 1864 solemus
898 1813 1004 1865 amare
1028 1822 1074 1865 ex.

13 1891 15 1898 “
126 1892 220 1954 nobis
243 1897 351 1968 natos,
380 1911 447 1954 non
469 1897 600 1972 propter
626 1891 753 1954 lucrum
776 1890 982 1967 aucmenta,
1013 1891 1070 1954 sed

128 1980 208 2062 quia
230 1980 336 2043 odisse
364 2000 406 2041 ex
427 1979 522 2042 nobis
545 1984 638 2042 natos
669 2000 735 2042 non
758 1997 939 2059 possumus.
985 1979 1074 2043 Nam

13 2103 15 2123 ·
126 2075 276 2152 parentes
299 2069 335 2132 in
357 2069 501 2133 sobolem
523 2067 719 2150 impendunt
741 2074 813 2131 tum
835 2067 973 2145 labores,
998 2073 1070 2132 tum

13 2196 16 2213 ι
126 2167 292 2240 sumptus:
316 2159 429 2239 Itaque
452 2158 480 2221 si
504 2159 576 2238 quis
599 2157 642 2219 ad
664 2156 771 2220 meriti
792 2157 950 2220 rationem
972 2158 1075 2240 respi·

126 2248 203 2324 ciat,
227 2246 322 2310 liberi
344 2247 532 2329 parentibus
555 2247 653 2310 etiam
676 2247 765 2310 oncri
789 2249 878 2323 sunt,
903 2251 1069 2310 ettamen

126 2337 317 2416 diliguntur,

215 2426 314 2489 Hunc
336 2431 469 2488 naturae
492 2426 645 2488 affectum
669 2424 747 2487 deus
770 2425 833 2487 hoc
855 2423 891 2484 in
912 2424 983 2486 loco
1006 2423 1070 2486 sibi

112 2514 240 2591 sumit,
276 2534 351 2576 cum
379 2513 472 2590 dicit,
511 2519 657 2576 amatum
685 2533 705 2574 a
732 2531 766 2575 se
796 2513 884 2575 hunc
911 2511 1071 2593 populum,

125 2603 211 2666 inter
233 2603 337 2681 initia,
362 2623 399 2665 ac
414 2623 472 2684 pro
495 2603 563 2665 filio
585 2603 744 2678 habitum,
769 2607 801 2664 et
822 2601 896 2663 ideo
918 2606 1069 2664 vocatum

125 2712 166 2754 ex
188 2693 354 2773 Aegypto,
384 2711 421 2755 ac
441 2692 614 2755 liberatum
636 2711 656 2752 a
679 2691 760 2752 dura
783 2690 943 2767 servitute,
972 2695 1075 2770 atque

125 2781 187 2844 hoc
210 2782 354 2862 primum
382 2787 430 2844 est
451 2780 660 2857 beneficium,
684 2780 772 2860 quod
795 2779 874 2842 deus
898 2798 956 2842 ceu
979 2785 1074 2860 pater
1101 2825 1103 2832 ,

124 2871 215 2932 hunc
237 2870 395 2951 populum
418 2875 575 2949 tanquam
598 2869 703 2930 filium
726 2869 905 2950 amplexus
928 2868 1074 2947 benigne

125 2958 219 3035 fovit,
245 2957 325 3020 dum
348 2963 502 3021 cresceret
523 2959 559 3020 in
582 2957 749 3036 ingentem
772 2957 938 3038 populum.

125 3133 206 3246 Hrc
228 3137 315 3199 varie
346 3155 380 3198 se
411 3140 564 3215 torquent
589 3135 788 3216 interpretes.
834 3134 918 3196 Nam
945 3138 1072 3196 senten·

198 3224 244 3286 tia
270 3225 447 3306 prophetae
471 3223 627 3304 quaesit,
657 3222 784 3299 vident,
809 3221 897 3303 quod
938 3221 1071 3298 scilicet,

125 3312 276 3394 loquatur
304 3313 344 3376 de
372 3313 493 3394 populo
520 3312 617 3392 legis,
652 3332 693 3374 ex
715 3313 862 3392 Aegypto
892 3331 950 3392 per
979 3329 1071 3373 mare

148 3403 259 3466 ibrum
290 3403 327 3464 in
356 3407 475 3466 terrem
498 3401 653 3464 Oannaan
685 3401 849 3467 translato.
908 3399 941 3462 Si
968 3399 1071 3478 igitur

140 3490 204 3555 'eus
235 3491 340 3553 filium
373 3511 469 3554 suum
497 3510 538 3553 ex
565 3492 712 3571 Aegypto
741 3489 882 3565 vocavit,
926 3507 1002 3551 cum
1030 3487 1069 3550 in

148 3599 208 3644 rrra
231 3579 372 3661 Aegypti
401 3578 616 3660 primogenita
638 3579 750 3642 omnia
771 3578 943 3655 occideret,
973 3595 1070 3658 quae·

214 3772 242 3840 l)
262 3773 326 3826 Esa
346 3771 390 3827 51.
427 3771 455 3840 2)
474 3770 598 3826 Dilectio
617 3771 665 3826 dei
683 3786 750 3839 erga
767 3786 829 3826 nos.
