2575 4225
459 286 585 349 Hoseac
607 286 792 367 prophetae.
1029 287 1093 351 341

154 462 347 547 praecidere,
370 468 547 544 amputare,
571 462 657 526 sicut
678 464 768 539 solet,
793 481 867 525 cum
889 462 1010 541 lintres,
1035 471 1095 531 tor·

154 553 274 617 cularia
297 558 330 615 et
351 553 471 615 similia
493 558 656 617 cavantur.
703 552 769 614 Nos
797 552 944 616 verbum
960 553 1095 617 dolendi

153 642 227 706 ideo
249 642 453 718 retinuimus,
477 641 565 721 quod
588 641 707 703 hellam
730 640 924 704 sententiam
946 642 1092 720 includit,

154 737 187 795 ct
208 730 251 793 ad
273 731 492 811 poenitentiae
514 729 695 793 doctrinam
717 728 834 793 alludit
855 731 997 812 propius.

242 819 295 881 Ad
317 820 405 884 huno
426 818 563 882 modum
585 816 647 881 etsi
668 818 722 881 hic
742 818 783 881 de
798 820 959 900 praesenti
974 820 1095 903 populo

153 907 313 989 propheta
333 908 414 987 agit,
437 911 655 971 recte·tamen
678 907 827 971 cohaeret
848 906 995 972 transitio
1015 910 1096 973 haec

154 1016 229 1063 sum
251 996 456 1078 praecedenti
478 996 649 1078 prophetia
671 995 712 1057 de
733 1014 833 1075 regno
856 996 988 1074 Christi,
1018 1018 1095 1061 nam

154 1105 281 1167 semper
302 1085 391 1149 idem
413 1086 548 1150 verbum
570 1084 634 1148 fuit
655 1082 691 1147 in
714 1085 861 1162 ccclesia,
891 1085 948 1148 sed
974 1093 1094 1168 tempo·

152 1174 243 1237 ribus
277 1175 354 1239 novi
387 1173 573 1239 testamenti
605 1174 796 1255 proponitur
829 1174 954 1237 clarius.
1008 1175 1096 1239 Sicut

155 1263 300 1326 Christus
323 1282 452 1344 quoquc
474 1257 586 1326 dicit:²
625 1262 722 1325 Multi
744 1282 834 1343 reges
857 1269 890 1327 ct
920 1264 1096 1345 prophetae

154 1353 326 1417 voluerunt
339 1352 458 1429 videre,
470 1371 554 1433 quae
568 1350 686 1416 videtis
702 1354 734 1414 et
749 1372 816 1415 000
830 1351 990 1429 viderunt,
1004 1360 1037 1417 ot
1051 1360 1094 1417 ta·

156 1461 232 1504 men
244 1441 333 1518 dicit,
344 1441 567 1504 Abrahamum
578 1440 697 1505 vidisse
710 1440 798 1503 diem
805 1440 932 1505 Christi.
952 1442 986 1505 Si
998 1442 1096 1522 igitur

156 1531 301 1593 conteras
324 1530 491 1593 ecclesiam
511 1530 628 1594 veteris
651 1530 836 1593 testamenti
859 1550 934 1594 cum
965 1532 1097 1595 ecclesia

157 1619 233 1685 novi
244 1620 439 1696 testamenti,
448 1618 562 1681 similis
573 1624 623 1681 est
632 1618 866 1701 hominihppis
874 1620 974 1683 oculis
983 1622 1095 1683 exlon-

156 1710 278 1789 ginquo
289 1708 413 1788 aliquid
423 1707 573 1771 intuenti.
592 1706 725 1770 Isidem
736 1706 833 1783 videt,
842 1707 929 1787 quod
941 1709 1032 1784 alius,
1040 1705 1097 1788 qui

154 1797 281 1860 acutius
303 1796 407 1874 videt,
432 1796 488 1861 sed
511 1816 577 1859 non
599 1797 648 1859 ita
670 1796 769 1873 clarc,
800 1795 945 1875 agnoscit
967 1817 1008 1858 ex
1029 1798 1095 1858 lon·

155 1886 605 1965 Ι31000000001010,100110,
630 1897 745 1961 arcem,
770 1884 942 1960 civitatem,
967 1884 1024 1947 sed
1039 1884 1097 1964 qui

156 1975 282 2037 acutius
304 1974 431 2051 vident,
463 1974 562 2037 etiam
591 1974 826 2037 minutissimas
854 1978 962 2054 partes
990 1972 1096 2035 aedifi·

157 2064 281 2127 ciorum
303 2063 549 2128 oculisnotant.

246 2153 299 2215 Ad
321 2153 410 2216 hunc
431 2152 567 2216 modum
590 2152 704 2215 eedem
720 2152 875 2229 doctrina,
900 2151 1032 2216 eaedem
1047 2167 1097 2216 res

156 2241 309 2304 omnibus
337 2242 539 2323 temporibus
567 2242 710 2304 ecclesiis
738 2243 921 2323 propositae
953 2248 1029 2305 sunt
1062 2243 1098 2304 in

157 2332 265 2407 verbo,
290 2330 347 2394 sed
369 2350 491 2395 novum
513 2336 745 2393 testamentum
766 2331 826 2393 has
849 2331 936 2412 ipsas
959 2351 1009 2393 res
1027 2351 1097 2411 pro·

157 2421 248 2500 prius
282 2419 432 2483 admovet
465 2419 580 2495 oculis,
616 2423 649 2481 et
671 2419 803 2500 praebet
830 2419 946 2481 clarius
975 2419 1097 2500 conspi·

158 2508 298 2571 ciendae.
345 2508 435 2571 Sicut
452 2527 541 2570 nunc
562 2507 702 2587 eleganti
724 2507 880 2570 brevitate
903 2511 936 2570 et
957 2507 1098 2569 mirabili

158 2597 313 2676 gravitate
337 2616 498 2660 summam
514 2594 678 2658 doctrinae
693 2595 852 2677 propheta
866 2589 1098 2676 complectitur.

202 2737 528 2801 Misericordiam
550 2719 634 2801 amo
657 2736 782 2818 magis
805 2757 922 2818 quam
945 2736 1098 2801 sacrifi-

204 2827 327 2903 cium,
352 2832 391 2889 et
413 2826 606 2889 noticiam
621 2827 827 2906 deimagis
843 2847 959 2907 quam
974 2826 1100 2889 multa

203 2915 449 2980 holocausta.

159 3052 268 3166 Haec
291 3057 451 3120 sententia
471 3077 539 3119 non
561 3056 634 3120 ideo
658 3058 762 3120 solum
781 3062 895 3120 notatu
910 3055 1101 3136 dignissima

248 3152 311 3221 est,
350 3145 439 3225 quod
477 3146 699 3227 complectitur
737 3165 899 3209 summam
936 3144 1100 3218 doctrinae

161 3234 376 3310 Christianae,
413 3254 496 3314 quae
530 3251 658 3316 semper
690 3233 726 3296 in
752 3233 876 3298 mundo
902 3233 939 3296 in
970 3232 1101 3296 ecclesia

161 3323 239 3399 tuit,
268 3322 426 3403 sedquis
448 3343 468 3387 a
489 3322 616 3387 0101010
640 3341 768 3404 quoque
791 3323 842 3387 bis
863 3328 1019 3404 usurpata
1042 3327 1099 3384 est.

159 3412 253 3481 Prius
286 3411 399 3491 igitur,
434 3430 534 3492 quam
569 3413 767 3494 explicemus
798 3431 884 3489 eam,
918 3410 1100 3475 videbimus

159 3499 326 3580 quomodo
342 3517 387 3562 es
409 3499 452 3563 sit
473 3518 552 3564 usus
575 3500 739 3579 Christus,
769 3522 847 3564 nam
869 3501 985 3566 veteris
1008 3504 1100 3562 testa-

166 3590 263 3652 menti
286 3588 459 3670 explicatio
482 3589 603 3669 ubique
627 3609 668 3652 ex
690 3611 773 3656 novo
796 3589 936 3672 petenda
958 3593 1015 3652 est.

166 3712 378 3727 --...-.—

184 3754 192 3770 ·
252 3762 280 3831 0
298 3764 367 3817 Luc.
386 3762 429 3816 ro.
