2575 4225
444 248 544 310 &aaa
566 247 750 330 prophetae.
1003 251 1065 314 109

393 424 466 487 Non
489 431 538 488 est
560 425 648 488 enim
670 424 796 488 veritas.

18 525 23 539 '
124 531 229 642 Dein
252 531 430 594 Hebraicec
453 529 627 606 dictiones,
653 550 735 610 quae
758 531 925 595 veritatem
949 532 1065 612 signifi·

202 627 279 683 cant
312 619 430 682 Emeth
464 624 497 680 et
530 614 707 682 Aemuna.¹
767 621 885 683 Paulus
919 621 1067 684 Aemuna

125 710 281 773 transfert
303 729 362 790 pro
384 707 457 784 fide,
481 708 539 769 ubi
562 707 656 770 dicit:
688 709 797 772 Iustus
820 730 861 772 ex
884 709 947 772 fida
970 709 1064 773 vivet.

123 799 294 879 Significat
316 803 425 860 autem
447 796 574 878 proprie
597 797 765 860 veritatem
788 799 903 874 active,
927 804 965 861 ut
988 799 1067 862 deus

125 894 176 951 est
197 906 297 951 verax
312 906 371 950 sua
393 886 535 948 veritate,
583 885 679 948 Fides
696 885 824 962 Christi,
849 907 932 966 quae
956 894 1004 950 est
1031 888 1066 950 in

125 976 302 1039 Christum,
349 967 486 1038 Emeth²
513 980 622 1037 autem
645 973 813 1037 veritatem
828 977 954 1056 passive
971 976 1064 1055 signi-

124 1067 210 1140 fieat,
234 1070 272 1126 ut
295 1063 425 1144 quando
448 1062 602 1125 diffundit
624 1063 660 1124 in
676 1062 772 1125 corda
792 1069 910 1140 nostra,
935 1064 1066 1127 etfacit

3 1142 5 1193 ⁵
123 1174 185 1217 nos
209 1168 346 1229 veraces,
369 1159 407 1214 ut
429 1152 545 1215 veritas
569 1151 638 1228 dei,
670 1151 750 1214 fides
774 1152 826 1213 dei
848 1152 1065 1216 misericordia

3 1241 5 1244 ’
124 1243 193 1304 dei:
218 1262 285 1305 non
307 1261 346 1303 ea
368 1246 431 1317 est,
467 1259 549 1321 quae
572 1241 607 1302 in
630 1240 691 1304 deo
714 1247 776 1316 est,
813 1240 869 1303 sed
893 1260 992 1320 quam
1018 1242 1063 1304 in·

3 1365 5 1389 ε
125 1330 237 1394 fundit
258 1332 295 1392 in
309 1329 406 1393 corda
427 1335 546 1406 nostra,
571 1334 668 1409 atque
691 1330 771 1392 edeo
794 1329 887 1392 nobis
909 1329 1062 1411 impertit.

3 1439 6 1477 τι
123 1421 236 1482 Iustus
269 1439 312 1481 ex
344 1418 408 1480 fide
435 1438 494 1481 sua
516 1419 610 1495 vivet,
634 1418 669 1480 id
692 1425 755 1496 est,
787 1419 823 1481 in
852 1418 969 1482 virtute
1000 1439 1064 1500 qua

125 1509 257 1572 divinae
280 1508 407 1572 veritati
429 1507 589 1570 adhaeret.

411 1631 484 1693 Non
507 1637 556 1694 est
578 1632 692 1695 notitia
715 1631 777 1694 dei.

123 1736 271 1849 Nonus
290 1731 373 1813 dei,⁸
392 1743 442 1800 est
456 1737 535 1799 scire
551 1758 609 1840 nos
625 1758 694 1841 esse
709 1739 807 1803 nihil:
830 1739 943 1841 vivere,
961 1759 1062 1818 agere,

3 1872 5 1905 ,
194 1834 226 1891 et
260 1827 364 1889 iacere
397 1832 527 1888 tantum
559 1828 778 1890 misericordia
811 1827 873 1890 der.
920 1827 1063 1902 Summa,

3 1914 5 1948 *
123 1917 257 1999 quando
280 1915 387 1990 deum,
411 1920 444 1976 et
458 1913 512 1976 dei
534 1915 620 1978 bona
641 1917 865 1996 cognoscimus
887 1936 945 1997 per
967 1915 1065 1978 fidem

3 2010 5 2027 '
125 2008 163 2070 in
186 2005 290 2069 nobis.

412 2091 550 2174 Sanguis
573 2092 774 2173 sanguinem.

5 2264 16 2285 ,¹
123 2190 266 2313 Scaeva
288 2207 395 2265 reatus
417 2208 450 2263 ct
472 2202 568 2282 culpa
582 2199 743 2263 vindictae
759 2202 938 2265 solvendae.
971 2202 1065 2263 Vnde

5 2309 12 2320 ¹·
184 2310 249 2354 vox
282 2290 448 2370 sanguinis
482 2296 531 2351 est
564 2291 685 2352 clamor
718 2289 759 2352 de
792 2291 963 2371 sanguine,
1000 2311 1065 2353 non

124 2380 262 2463 plorato,
286 2400 353 2443 non
374 2378 546 2442 vindicato.
594 2379 653 2441 Est
674 2399 749 2458 ergo
765 2379 938 2441 sententia:
962 2380 1065 2441 Nemo

125 2474 186 2544 est,
215 2468 274 2548 qui
296 2474 446 2530 nocentes
474 2468 599 2548 puniat.
645 2468 891 2530 Latrocinantur
919 2473 952 2530 et
978 2486 1064 2548 prae·

124 2557 247 2645 dantur
269 2577 390 2620 omnes.
436 2558 539 2619 Nemo
562 2555 720 2637 prohibet.

460 2680 577 2742 Tacere
600 2680 728 2742 faciam¹

124 2786 249 2899 Suram
265 2787 364 2850 estin
377 2784 535 2861 Hebraeo,
553 2792 585 2848 et
600 2786 761 2865 signifieat
775 2788 902 2869 proprie
917 2785 979 2870 [roll
993 2784 1066 2869 fetu.

186 2876 281 2938 Vnde
297 2882 329 2937 et
342 2873 498 2953 Virgilius
514 2874 643 2937 silentes
659 2876 789 2939 umbras
809 2876 956 2939 nominat
979 2876 1067 2955 quod

125 2966 211 3029 nihil
233 2964 308 3027 sint.
355 2962 520 3043 Significat
542 2969 650 3026 autem
665 2964 719 3027 hic
734 2964 862 3046 proprie
882 2963 965 3026 nihil
987 2982 1065 3039 esse,

125 3061 166 3118 ut
188 3054 231 3116 sit
252 3051 427 3115 sententia:
458 3051 667 3133 Compescam
696 3052 793 3116 hodic
816 3058 953 3115 matrem
976 3057 1067 3114 tuam

126 3142 342 3223 Synagogam,
366 3146 463 3220 atque
486 3141 568 3203 adeo
596 3161 669 3203 cam
692 3142 728 3202 in
750 3141 890 3202 nihilum
911 3140 1065 3221 redigam,

7 3289 16 3318 μ
126 3237 165 3294 ut
188 3231 229 3293 de
252 3250 291 3292 ea
313 3229 396 3292 nihil
418 3229 578 3306 audiatur,
602 3231 726 3293 cultum
749 3230 881 3310 quidem
904 3250 1008 3293 suum.

351 3354 516 3435 Repellam
538 3360 571 3417 te
594 3374 634 3416 ne
659 3355 844 3418 sacerdotio.

193 3480 262 3537 nsr,
286 3460 365 3541 quia
380 3461 537 3541 reliquisti
548 3480 601 3524 me
623 3460 723 3525 deum
746 3461 870 3525 fontem
892 3461 1010 3535 vivum,
1036 3465 1067 3521 et

181 3550 350 3613 declinasti
378 3550 420 3611 ad
448 3569 544 3632 opera
572 3556 643 3627 tua,
674 3550 855 3630 relinquam
877 3553 909 3611 te
932 3549 996 3612 tuis
1019 3569 1066 3611 co-

221 3724 248 3791 1)
268 3725 422 3779 Aemunes.
458 3724 487 3792 2)
507 3724 621 3779 Emeth.
657 3725 685 3793 3)
703 3724 812 3781 Notitie
830 3724 876 3779 dei
895 3724 972 3793 quid.
1004 3768 1008 3778 .
