2575 4225
223 264 266 329 70
517 264 621 346 Caput
643 262 854 326 undecimum

577 441 618 505 In
640 439 788 516 vinculis,

219 549 340 612 idest:
374 549 409 610 in
443 548 526 627 iugis
560 546 723 612 suavibus.
780 546 833 610 Sic
860 546 1005 610 Ohristm
1039 546 1160 627 Iugum

219 656 329 699 meum
357 637 427 700 leve
453 642 503 699 εεῖ
530 642 563 699 et
588 655 671 699 onus
699 655 797 699 suave
831 629 910 699 ¹nao
934 634 1017 699 illud
1044 635 1160 717 iugum
1281 643 1284 657 ·

218 726 375 807 placebat,
399 727 500 789 immo
523 724 731 805 quaesierunt
753 725 832 788 alios
855 724 932 789 deos
954 728 1014 788 eto.

608 885 767 960 Exultavi,
830 951 835 957 ,

219 991 342 1055 idest:
375 992 540 1056 sublevavi
569 992 683 1073 iugum
710 991 798 1072 quod
821 991 987 1073 premebat
1009 991 1161 1055 maxillas

205 1101 330 1145 ‚eorum
352 1087 429 1158 eto,
461 1081 584 1145 idest:
612 1099 740 1161 semper
768 1079 934 1144 sublevavi
962 1100 1017 1143 eos
1039 1100 1059 1142 a
1082 1079 1160 1161 iugo

219 1170 306 1251 quod
329 1171 535 1252 patiebantur
557 1178 616 1261 eta.

569 1336 607 1392 ut
629 1334 770 1395 vesceret
814 1409 819 1415 ,

220 1440 259 1497 ut
280 1434 430 1511 alborem,
454 1436 579 1499 melius.

538 1595 611 1659 Non
634 1588 837 1660 revertetur.²

310 1701 524 1765 Comminatio
545 1721 683 1777 rursum,
706 1702 752 1764 sio
771 1701 833 1764 ieci
854 1702 899 1764 eis
915 1707 975 1763 eta.
999 1699 1072 1763 ideo
1094 1721 1162 1763 non

220 1794 419 1853 revertentur
433 1790 469 1853 in
484 1790 651 1872 Egyptum
666 1797 724 1854 eto.
760 1791 834 1853 Non
856 1794 1054 1854 revertentur
1068 1789 1160 1869 legit,

220 1877 282 1941 hoo
304 1899 370 1941 nou
392 1879 507 1943 reverti
528 1879 565 1941 in
581 1880 747 1962 Egyptum
769 1878 803 1941 id
826 1877 985 1960 estquod
1008 1877 1162 1941 dominus

220 1967 290 2030 vult
312 1968 482 2049 subiugare
504 1969 571 2049 regi
593 1968 800 2049 Assyriorum
825 1968 914 2031 huno
941 1967 1102 2049 populum
1130 1972 1163 2030 et

221 2056 309 2137 quod
331 2078 397 2122 non
420 2057 562 2141 proderit
583 2058 629 2122 eis
654 2058 813 2122 auxilium
836 2056 957 2140 Egypti
979 2062 1038 2121 eto.

621 2211 666 2280 'Oe
692 2218 699 2232 ·
719 2212 745 2279 '8

310 2341 367 2384 rex
394 2324 496 2385 Assur
529 2323 649 2386 multas
666 2223 778 2386 pilitrbes
813 2323 936 2405 aooepit
971 2324 1162 2404 praesertim

221 2411 342 2474 tribum
364 2412 536 2510 Neptalim.

620 2571 755 2646 Eleotos,

221 2682 325 2740 vestes
349 2684 398 2740 est
420 2678 455 2740 in
477 2671 648 2764 heb[roao].
695 2678 766 2741 Mos
789 2682 838 2740 ast
859 2676 1015 2740 hebraeae
1030 2676 1161 2757 linguae

221 2783 333 2827 vocare
347 2765 510 2848 principes
525 2773 640 2844 vectes,
662 2772 799 2841 montes,
816 2765 1023 2840 munitiones,
1040 2772 1160 2846 portas,

221 2873 340 2931 muros,

594 3017 637 3079 lit
660 3015 790 3080 devorat

221 3119 262 3181 de
285 3121 426 3184 consiliis
448 3143 572 3200 eorum,
596 3122 631 3185 id
654 3128 717 3185 est:
742 3126 838 3185 ruent
859 3120 895 3183 in
916 3081 1058 3183 consiliis
1080 3119 1158 3194 suis,

222 3206 256 3269 id
286 3214 348 3271 est:
379 3217 508 3292 propter
538 3211 672 3275 consilia
698 3230 757 3274 sua
791 3215 851 3273 eto.
903 3208 1037 3273 consilia
1064 3213 1162 3270 erunt

221 3297 456 3362 consultoribus
478 3300 628 3382 pessima.

516 3459 559 3522 Et
580 3459 720 3541 populus
743 3452 865 3522 meus.⁴

310 3566 350 3628 de
380 3565 486 3630 reditu
519 3565 680 3648 spirituali
713 3564 872 3646 intellige,
902 3584 965 3647 -per
994 3563 1160 3627 Christum

222 3687 435 3699 ——--..

312 3735 339 3805 1)
352 3736 460 3806 Incipit
471 3741 518 3795 iol.
533 3738 592 3795 128.
604 3740 637 3794 A.
651 3737 745 3794 sisoi.
776 3739 804 3806 2)
817 3757 844 3795 v.
857 3738 883 3794 b.
913 3737 980 3806 3)v.
994 3738 1019 3793 6.
1051 3737 1080 3804 4)
1093 3739 1152 3793 v.8
