2575 4225
458 324 486 378 ·‡
506 320 578 372 532³
1040 311 1248 392 Caput
1295 310 1751 372 duodecimum

458 492 641 564 ,az-&fdus
704 495 828 565 est,
899 509 1097 569 quam
1158 509 1310 552 cum
1369 495 1710 570 parentum
1778 494 2158 569 contemptu
2229 495 2343 552 aut

458 578 850 656 wglectione
906 579 1167 659 nuptias
1223 579 1569 659 quaerere?
1671 577 1898 657 Itaque
1955 579 2130 657 leges
2185 594 2338 659 quo·

458 692 581 748 *lue
626 667 841 729 civiles
887 672 1229 750 parentum
1260 688 1646 730 consensum
1691 667 2030 747 requirunt
2073 668 2148 729 in
2190 669 2339 748 legi-

462 760 613 820 mmo
676 757 1107 819 matrimonio.
1201 756 1538 819 Sacramm
1592 762 1809 819 autem
1852 757 2188 819 literarum
2234 777 2339 818 au-

458 848 677 908 t··÷=*itas
724 846 1006 908 ostendit
1050 846 1335 908 infelicia
1378 846 1644 909 consilia
1688 862 1856 922 esse,
1905 865 2070 927 quae
2118 851 2343 908 contra

460 941 798 1016 parcntum
828 936 1227 998 voluntatem
1262 935 1615 998 instituunt
1656 935 1858 997 liberi.
1953 935 2040 996 Et
2068 939 2344 998 testatur

458 1026 852 1104 experientia
896 1045 1183 1106 quoque,
1245 1024 1601 1106 plerunque
1660 1025 1820 1086 tales
1867 1024 2130 1105 nuptias
2182 1025 2340 1086 infe-

462 1116 607 1176 {11:135
669 1135 825 1179 esse.
917 1114 1063 1176 Non
1107 1115 1253 1177 ideo
1301 1115 1530 1190 solum,
1590 1113 1762 1193 quod
1807 1113 1967 1175 haec
2012 1117 2188 1175 aetas
2248 1115 2341 1176 in·

462 1208 498 1264 fi
514 1205 703 1267 miior
759 1207 871 1281 sit,
932 1224 1130 1284 quam
1189 1210 1265 1265 ut
1317 1209 1484 1266 recte
1546 1203 1670 1265 sibi
1725 1203 1931 1283 possit
1989 1203 2340 1277 consulere,

466 1294 717 1356 ducitur
763 1295 957 1370 enim,
1006 1293 1138 1355 imo
1184 1293 1434 1374 rapitur
1479 1292 1682 1354 coecis
1728 1298 1793 1353 et
1839 1292 2053 1354 stultis
2099 1292 2344 1372 eupidi-

462 1388 728 1461 tutibus‚
764 1384 902 1474 ‘sed
950 1383 1124 1463 quod
1170 1382 1330 1444 deus
1375 1382 1616 1460 ubique
1662 1382 2074 1444 autoritatem
2117 1401 2343 1461 paren-

466 1488 598 1536 mm
646 1476 785 1536 vult
839 1473 1081 1534 salvam
1128 1492 1283 1534 esse.
1377 1471 1605 1550 Itaque
1665 1476 1730 1532 et
1773 1469 2227 1533 obedientibus
2274 1471 2343 1532 li-

466 1564 657 1639 bs-ris‚
722 1564 890 1625 sicut
933 1560 1154 1635 Iacob,
1203 1560 1553 1635 benedicit,
1610 1559 2052 1623 inobedientes
2100 1565 2342 1635 autem,

462 1676 574 1732 pm]
621 1653 868 1728 merim,
925 1651 1056 1713 sive
1102 1650 1173 1712 in
1220 1650 1518 1730 coniugio
1564 1650 1694 1712 sive
1741 1656 1922 1712 extra
1967 1649 2347 1728 coniugium

466 1744 701 1818 vivant,
752 1740 1035 1822 affligas

478 1916 819 2024 ²Secundo
863 1920 1146 1984 ostendit
1198 1922 1322 1984 hoc
1363 1919 1580 2000 ipsum
1625 1919 1872 1981 factum
1917 1917 2342 1999 patriarchae,

506 2016 548 2028 ’“
615 2010 843 2089 quanti
888 2010 1109 2072 fecerit
1148 2009 1538 2088 coniugium.
1601 2009 1952 2087 Nunquam
1999 2008 2178 2070 enim
2209 2013 2348 2068 tam

470 2104 725 2178 tongam
780 2099 1152 2162 servitutem
1213 2098 1541 2173 subiisset,
1626 2097 1753 2160 nisi
1814 2096 2145 2160 statuisset
2219 2097 2346 2159 hoc

466 2208 663 2265 genus
740 2188 908 2251 vitae
990 2195 1054 2251 et
1129 2189 1251 2253 deo
1330 2193 1584 2268 gratum
1655 2194 1719 2249 et
1783 2186 2162 2250 hominibus
2239 2206 2346 2247 ne·

462 2278 805 2339 rsr-ssarium
865 2297 1031 2354 esse,
1095 2278 1208 2340 sed
1267 2298 1416 2341 cum
1470 2278 1594 2338 hoc
1661 2276 1901 2339 iudicio
1969 2277 2180 2338 sancti
2237 2295 2345 2356 pa-

462 2367 768 2432 marchae
815 2366 1138 2447 quomodo
1185 2366 1484 2431 convenit
1501 2415 1514 2442 ,
1565 2365 1740 2445 quod
1771 2366 2061 2447 papistae
2109 2365 2349 2428 docent

466 2473 518 2517 ut
570 2457 835 2533 faciunt,
882 2458 995 2537 qui
1041 2462 1356 2537 tanquam
1401 2455 1747 2537 profanum
1777 2455 1944 2518 vitae
1985 2475 2191 2534 genus
2233 2455 2344 2517 ho·

466 2553 675 2607 iit-stas
715 2547 976 2627 nuptias
1024 2546 1357 2609 damnant.
1452 2546 1694 2606 Ferunt
1739 2549 1959 2606 tamen
1988 2544 2347 2625 impietatis

462 2637 653 2695 huius
699 2633 928 2712 dignas
959 2656 1219 2715 poenas
1270 2634 1445 2715 quod
1492 2639 1556 2697 et
1601 2653 1868 2714 corpora
1913 2638 1977 2695 et
2022 2633 2345 2696 conscien-

466 2725 582 2781 tias
629 2722 904 2799 pollutas
952 2723 1429 2785 circumferunt.

639 2808 851 2882 Quam
928 2816 1145 2872 autem
1208 2812 1584 2892 putabimus
1663 2810 1900 2873 horum
1971 2811 2350 2891 coniugium

466 2901 658 2961 fuisse
728 2899 1005 2961 amicam
1070 2905 1135 2962 et
1202 2920 1465 2964 suavem
1522 2900 1691 2963 vitae
1768 2900 2349 2963 consuetudinem?

466 2989 607 3049 Non
654 2988 829 3051 enim
874 2988 1019 3051 ideo
1065 2994 1201 3052 tam
1244 2990 1439 3068 longo
1485 2994 1772 3071 tempore
1825 2989 2086 3053 servivit
2131 2990 2346 3065 Iacob,

470 3089 534 3137 ut
585 3079 847 3140 haberet
893 3078 1141 3141 socium
1186 3080 1388 3155 vitae,
1449 3098 1598 3140 cum
1645 3099 1772 3158 quo
1826 3085 2137 3161 perpetuo
2184 3080 2348 3141 rixa-

470 3173 656 3229 ·rvtur.
759 3162 979 3229 ²Vidit
1023 3168 1280 3247 probari
1339 3167 1458 3230 deo
1504 3168 1674 3230 hanc
1721 3188 2059 3248 corporum
2105 3174 2172 3230 et
2218 3168 2348 3229 ani-

470 3277 720 3318 morum
781 3256 959 3337 piam
1022 3257 1539 3319 coniunctionem
1557 3305 1572 3332 ,
1631 3256 1798 3319 vidit
1853 3256 2222 3319 occasiones
2276 3257 2351 3318 in

466 3345 586 3405 11ch
633 3345 801 3408 vitae
827 3364 1077 3432 ⁸genere
1122 3346 1362 3420 varias,
1425 3346 1814 3408 exercendae
1861 3345 2220 3423 charitatiS,
2287 3352 2348 3377 ⁶*

473 3435 836 3513 premandae
868 3434 1271 3497 obedientiae
1318 3435 1458 3497 deo.
1551 3434 1776 3513 Itaque
1812 3440 2128 3514 tanquam
2159 3434 2268 3497 Sc}

466 3529 594 3585 lam
612 3526 905 3588 omnium
917 3525 1231 3587 virtutum
1252 3523 1742 3586 matrimonium
1767 3522 1998 3604 cupide
2021 3523 2268 3603 ingress

466 3621 594 3689 ιρι-τῃ
658 3620 721 3677 et
767 3613 1046 3695 speravit
1101 3612 1298 3675 deum
1356 3633 1488 3675 non
1553 3614 1762 3676 solum
1817 3611 2268 3692 gubernatum:

2538 3171 2545 3192 ,

2541 3220 2545 3342 ἓ

2538 3347 2545 3457 Ξ

646 3802 699 3871 1)
720 3803 1065 3870 Nuptiarum
1086 3804 1521 3860 commendatio.
1561 3805 1616 3873 2>
1640 3804 1983 3873 Coniugium
2001 3809 2252 3860 sanctor-1
