2575 4225
429 300 555 364 Hoseae
578 300 763 381 prophetae.
1000 300 1066 365 335

126 498 289 559 synagoga
318 482 351 539 et
380 483 490 557 gentes
518 478 596 540 huic
623 477 786 540 doetrinae
821 494 854 541 se
889 486 1063 560 opponent,

124 574 236 631 tamen
259 568 406 629 futurum
429 585 498 628 esse
520 566 608 642 dicit,
632 572 670 629 ut
693 566 776 629 sicut
791 586 903 629 aurora
922 568 1066 631 cohiberi

126 677 192 719 non
214 656 326 737 possit,
354 655 411 717 sed
433 655 537 733 magis
561 675 597 717 ac
619 655 723 734 magis
745 646 882 718 illu'stret
904 656 1066 719 mundum

126 766 193 808 non
216 745 285 807 sine
307 744 432 823 ingenti
453 744 571 819 fructu,
596 744 643 806 ita
665 763 769 824 neque
792 744 881 808 verbi
904 764 1015 808 cursus
1034 751 1074 807 et

13 906 14 915 ἒ
126 834 250 896 fructus
274 832 426 913 impediri
448 832 575 913 poterit.
613 832 704 894 Haec
719 834 874 896 hactenus
891 833 930 895 de
947 834 1067 897 Christi

13 921 14 980 l
126 941 223 1002 regno
246 922 405 1003 propheta
427 921 520 983 dixit.
559 921 653 983 Nunc
675 921 767 984 addit
781 922 1066 1003 amplificationem

13 982 20 1009 Ι
125 1012 244 1074 horum
267 1010 506 1072 beneficiorum.

13 1095 17 1162 ζ’
215 1099 303 1173 Quid
324 1099 386 1161 tibi
409 1098 526 1160 faciam
549 1117 568 1160 ο
592 1099 771 1179 Ephraim?
817 1100 903 1173 Quid
932 1100 993 1163 tibi
1021 1102 1066 1163 fa.

13 1201 14 1250 l
127 1189 210 1251 ciam
233 1208 252 1251 o
275 1187 380 1250 Iuda?
425 1188 525 1261 Quasi
548 1187 719 1250 collaturus
744 1208 781 1251 ea
804 1208 879 1250 cum
901 1189 1067 1253 benefieiis

13 1323 15 1357 ,
126 1277 225 1341 veteri
248 1277 369 1357 populo
392 1276 554 1340 exhibitis.
600 1276 757 1355 Magnum
780 1277 844 1340 fuit
868 1277 997 1339 liberari
1025 1299 1068 1340 ex

13 1362 15 1445 l
126 1366 267 1447 Aegypti
291 1366 452 1441 servitute,
477 1366 583 1428 ornari
604 1366 774 1446 praeclaris
797 1366 939 1428 victoriis
956 1373 1068 1430 contra

126 1461 246 1534 gentes,
270 1454 434 1535 possidere
457 1459 575 1515 terram
597 1456 790 1535 promissam
808 1455 962 1536 patribus.
1003 1456 1065 1518 Sed

13 1546 14 1585 ³
125 1544 204 1606 haee
231 1543 344 1605 omnia
371 1542 561 1622 temporalia
588 1543 734 1619 fuerunt,
763 1549 796 1606 et
821 1549 950 1606 tantum
975 1564 1065 1625 praev

13 1661 14 1704 3
125 1639 231 1695 sentes
263 1631 366 1694 adiuti
394 1636 479 1693 sunt.
532 1631 661 1697 Novum
692 1638 803 1708 autem
834 1638 1065 1696 testamentum

125 1723 218 1783 affert
239 1719 283 1783 ad
305 1741 364 1783 nos
386 1740 464 1801 opes
488 1720 668 1801 spirituales
695 1727 728 1783 et
755 1727 914 1797 aeternas,
947 1742 1066 1803 nempe

13 1797 14 1876 l
125 1810 421 1872 reconciliationem
434 1828 509 1870 cum
524 1808 594 1884 deo,
611 1809 834 1871 remissionem
847 1816 1065 1890 peccatorum,

13 1893 14 1907 ¹
125 1900 276 1980 spiritum
299 1904 447 1961 sanctum
470 1903 503 1959 et
524 1898 625 1961 vitam
649 1903 821 1960 aeternam.

213 1988 292 2049 Ideo
314 1987 472 2068 propheta
494 1985 600 2048 addit:
636 1987 752 2050 Vestra
774 1987 877 2066 gratia
899 1988 960 2049 erit
982 1987 1068 2051 sicut

13 2081 31 2159 s
124 2077 287 2140 matutina
308 2077 421 2139 nubes.
467 2074 532 2137 Hic
554 2075 743 2157 interpretes
771 2096 837 2138 non
867 2076 971 2139 solum
1000 2096 1064 2140 am-

13 2186 15 2227 r
123 2168 274 2246 biguitas,
299 2166 356 2228 sed
371 2166 470 2228 etiam
485 2165 708 2227 similitudinis
723 2166 803 2228 ratio
819 2165 942 2228 fefellit.
980 2167 1065 2228 Nam

13 2270 15 2285 '
123 2255 315 2321 recentiores
337 2256 403 2317 fere
426 2273 538 2316 omnes
561 2254 724 2334 accipiunt
745 2255 992 2317 beneficentiam
1008 2276 1066 2318 seu

13 2380 15 2411 l
123 2345 280 2425 pietatem
302 2345 415 2418 active,
438 2362 504 2425 qua
526 2343 597 2405 eliis
620 2343 866 2406 benefaciebant
887 2344 1008 2420 Iudaei,
1028 2365 1067 2406 ao

13 2418 15 2441 ’
122 2439 242 2515 putant
272 2453 344 2494 eam
374 2432 553 2513 comparari
580 2431 657 2507 rori,
694 2432 781 2511 quod
811 2432 918 2494 subito
952 2433 992 2493 ab
1027 2451 1068 2493 ea

124 2522 315 2589 deflexerint
337 2521 378 2583 ad
400 2521 602 2601 impietatem
619 2525 652 2582 et
666 2525 806 2600 peccata.
845 2520 1067 2600 Hieronymus

124 2613 252 2692 passive
275 2610 401 2691 accipit,
426 2610 483 2672 sed
506 2608 729 2673 similitudinis
751 2608 909 2671 rationem
929 2609 1065 2671 eandem

34 2752 37 2758 .
125 2705 219 2780 putat
246 2719 332 2775 esse,
363 2699 450 2779 quod
479 2697 705 2774 beneficentia,
736 2717 801 2778 qua
831 2717 884 2760 eos
914 2697 1067 2761 dominus
1104 2767 1105 2770 Ἴ

126 2789 299 2864 adiuverit,
330 2787 394 2850 cito
421 2787 464 2849 sit
493 2787 650 2863 desitura,
680 2787 887 2849 abducendos
915 2787 1003 2849 enim
1030 2788 1067 2850 in

126 2878 346 2959 captivitatem
369 2877 409 2938 ab
432 2876 572 2955 Assyriis
595 2882 628 2941 et
649 2874 836 2954 Babyloniis
860 2880 918 2937 eto.

215 2965 279 3028 sed
301 2971 449 3027 neutram
471 2965 666 3048 sententiam
688 2965 798 3043 probo.
844 2963 967 3024 Verum
997 2964 1066 3043 qui-

125 3055 200 3118 dem
228 3059 290 3130 est,
326 3053 414 3134 quod
441 3053 545 3134 pietas
575 3072 632 3115 seu
666 3050 877 3114 beneficentia
911 3051 1068 3132 accipitur
1165 3127 1167 3132 Ι

13 3175 14 3191 ¹
124 3144 262 3224 passive,
287 3163 353 3222 qua
375 3142 455 3205 deus
478 3147 528 3204 est
549 3161 666 3204 usurus
690 3160 764 3220 erga
786 3141 874 3202 hunc
896 3139 1063 3221 populum.

91 3280 94 3290 .
126 3233 187 3295 Sed
217 3231 430 3295 similitudine
458 3232 538 3293 roris
567 3251 632 3292 non
660 3230 763 3292 utitur
790 3229 961 3310 propheta,
992 3229 1067 3292 ideo

125 3322 212 3384 cuod
236 3321 299 3383 cito
322 3321 496 3397 evanescit,
527 3318 583 3382 sed
606 3339 644 3381 eo
671 3319 778 3398 potius
805 3318 948 3398 respicit,
977 3317 1066 3397 quod

165 3432 181 3473 r
203 3430 311 3473 rorem
332 3416 492 3473 recreatur
514 3415 605 3472 terra.
652 3408 735 3469 Nam
758 3406 794 3468 in
821 3407 947 3486 magnis
974 3406 1065 3468 cesti·

156 3521 185 3562 ‚s
212 3500 313 3562 etiam
341 3504 450 3561 noctes
478 3517 581 3577 usque
609 3495 652 3573 ad
678 3497 866 3576 languorem
895 3495 1067 3559 hominum

160 3590 239 3651 lent.
291 3583 371 3649 ¹Sed
395 3607 470 3649 cum
491 3587 558 3648 iam
582 3604 694 3647 aurora
716 3581 882 3666 proditura
901 3589 957 3660 est,
982 3584 1065 3646 exci-

214 3781 241 3847 1)
261 3780 424 3834 Similitudo
442 3779 522 3833 roris.
