2575 4225
474 252 601 314 Hoseae
624 254 809 333 prophetae.
1050 260 1112 321 195

164 430 236 491 1111
259 428 470 504 vaticinatur,
500 430 589 509 quod
617 451 676 511 per
702 432 871 495 dominum
902 436 934 495 et
963 452 1028 495 non
1056 455 1114 515 per

166 538 267 598 equos
304 537 364 579 nce
397 518 520 597 equites
555 538 692 598 regnum
721 520 803 583 Iuda
838 521 1028 591 salvandum
1060 524 1110 586 sit.

143 608 275 670 ,Potest
304 613 414 669 tamen
448 608 682 671 accommodari
716 610 751 671 in
785 628 899 689 genere
934 610 1031 673 etiam
1063 632 1111 686 ec,

166 695 255 775 quod
279 695 452 759 damnatur
466 696 586 758 fiducia
608 698 743 761 carnalis
759 698 892 762 brachii.
939 700 1009 762 Etsi
1025 702 1110 763 eninr

164 785 245 848 deus
268 785 340 847 vult
362 798 421 847 nos
443 785 493 847 uti
508 785 624 849 mediis
648 807 668 847 a
690 806 723 848 se
740 788 888 864 conditis,
913 794 1022 851 tamen
1046 809 1111 852 non

164 876 242 950 vult,
268 879 306 935 ut
328 873 369 935 iis
392 873 540 950 fidamus,
564 880 622 937 aut
644 876 796 952 nitamur,
821 876 878 939 sed
901 877 969 940 vult
990 897 1110 940 succes-

164 982 238 1025 sum
262 983 283 1024 a
305 982 339 1025 se
363 963 430 1025 solo
453 962 521 1042 peti
543 969 576 1026 et
599 965 770 1044 expectari,
799 965 883 1029 sicut
906 966 1004 1027 etiam
1027 968 1108 1029 Psal-

163 1046 255 1114 mus¹
284 1057 411 1115 monet:
435 1051 482 1112 Hi
502 1052 539 1115 in
561 1052 707 1114 curribus
731 1059 763 1115 et
789 1054 824 1115 in
848 1055 948 1133 equis,
979 1075 1016 1116 ac
1039 1075 1109 1117 con-

116 1195 122 1198 .
163 1140 323 1216 ciderunt,
341 1160 400 1202 nos
416 1145 525 1202 autem
540 1141 575 1202 in
591 1140 723 1203 nomine
740 1141 875 1219 domini,
892 1149 925 1205 et
939 1144 1108 1206 vincimus.

254 1228 318 1290 Sed
341 1227 403 1291 hoc
425 1229 460 1289 in
482 1230 551 1291 loco
567 1236 651 1292 recte
674 1250 844 1293 monemur
868 1231 907 1293 de
930 1232 985 1293 1111
1011 1231 1109 1294 diver-

162 1318 275 1395 sitate,
314 1317 402 1397 quod
430 1318 564 1380 historia
594 1325 627 1380 et
661 1320 819 1399 propheta
846 1320 958 1383 Esaias
987 1320 1108 1396 dicunt,

162 1407 301 1469 salutem
323 1406 409 1468 hanc
431 1406 552 1469 factam
574 1427 632 1487 per
655 1408 827 1487 Angelum.
874 1409 1034 1491 Propheta
1057 1431 1108 1471 au·

160 1502 227 1559 tem
250 1496 315 1557 hoc
337 1496 373 1556 in
387 1496 456 1557 loco
480 1495 559 1558 dicit
575 1496 694 1559 factam
717 1498 763 1558 Ba
777 1497 898 1561 Iehova
920 1519 978 1579 per
1001 1498 1108 1560 deum.

159 1585 221 1646 Est
244 1584 334 1646 enim
356 1584 410 1646 hic
432 1604 553 1646 nomen
575 1583 733 1661 divinum,
763 1587 849 1665 quod
873 1607 939 1650 non
962 1588 1025 1649 nisi
1049 1588 1109 1649 deo

158 1673 322 1735 tribuitur.
370 1674 540 1753 Utrunque
569 1673 668 1753 igitur
690 1676 812 1737 occulte
841 1676 896 1737 hic
919 1677 1107 1753 ostenditur,

159 1762 249 1841 quod
268 1762 312 1824 'et
342 1782 399 1843 per
422 1761 586 1824 Christum
614 1762 695 1825 haec
717 1763 863 1826 liberatio
887 1764 972 1826 facta
995 1766 1045 1839 sit,
1077 1772 1109 1826 et

159 1851 249 1930 quod
273 1850 419 1913 Christus
442 1856 558 1913 natura
581 1850 660 1914 deus
684 1845 755 1915 111]Ι
806 1851 894 1915 Sicut
917 1852 1014 1915 etiam
1030 1852 1107 1915 Pau-

155 1940 211 2002 lus
227 1932 336 2015 dicit,³
364 1938 528 2001 Christum
552 1940 742 2003 comitatum
758 1940 893 2003 Iudaeos
917 1940 952 2003 in
973 1939 1106 2004 deserto.

157 2028 205 2089 Et
231 2028 339 2111 prima
368 2028 537 2109 promissio
569 2022 792 2105 vaticinatur,⁴
825 2048 936 2091 semen
964 2029 1108 2092 mulieris

157 2118 376 2180 contriturum
406 2124 503 2199 caput
535 2117 701 2198 serpentis.
748 2117 808 2180 Illa
840 2118 928 2181 enim
958 2118 1108 2182 ecclesiae

156 2206 320 2282 defensio,
351 2226 432 2286 quae
456 2205 531 2268 inde
555 2207 595 2268 ab
618 2207 708 2269 Adae
731 2207 825 2288 lapsu
853 2213 1009 2290 perpetua
1035 2209 1107 2284 fuit,

155 2316 227 2358 non
255 2315 314 2376 per
348 2296 493 2374 angelos,
535 2295 591 2358 sed
625 2315 684 2376 per
712 2295 765 2357 dei
795 2297 898 2358 filium
927 2298 1012 2360 facta
1048 2305 1106 2372 est,

155 2403 258 2465 quem
295 2383 452 2464 scriptura
491 2404 585 2465 saepe
624 2385 775 2465 angelum
813 2386 962 2466 appellat.
1019 2385 1109 2448 Sicut

155 2474 258 2536 Gene.
288 2465 367 2534 48.⁵
420 2474 564 2552 Angelus
597 2472 738 2548 domini,
780 2474 836 2553 qui
871 2494 922 2535 me
954 2473 1037 2536 eruit
1066 2474 1106 2535 dc

154 2561 249 2625 omni
269 2562 365 2624 malo.
397 2562 470 2624 Esa.
496 2555 568 2624 63.6
595 2562 739 2642 Angelus
762 2562 856 2624 faciei
880 2562 948 2624 eius
972 2563 1109 2626 salvavit

154 2670 223 2713 eos.
250 2651 347 2712 Mala.
366 2644 415 2711 3.⁷
454 2651 596 2730 Angelus
619 2650 767 2727 foederis,
792 2670 889 2730 quem
912 2671 968 2715 vos
984 2651 1105 2714 deside-

153 2739 246 2802 ratis.
275 2739 346 2802 Etsi
361 2740 449 2801 enim
465 2740 651 2818 angelorum
666 2739 844 2803 ministerio
860 2739 939 2803 deus
955 2739 996 2802 ad
1012 2741 1106 2803 ecole-

154 2827 224 2892 siae
247 2828 470 2891 defensionem
493 2828 609 2904 utitur,
637 2834 748 2890 tamen
769 2829 914 2892 Christus
937 2830 1023 2891 solus
1047 2837 1104 2904 est,

154 2917 216 2997 qui
238 2917 377 2979 Satanae
399 2917 481 2980 vires
504 2917 667 2996 infringit,
693 2923 725 2979 et
747 2924 844 2997 caput
867 2918 935 2979 eius
959 2917 1104 2978 conterit.

147 3082 149 3085 Ι
252 3000 318 3068 ⁸Ac
352 3005 531 3068 iucundum
569 3006 604 3066 in
638 3005 753 3086 primis
789 3006 1007 3086 spectaculum
1046 3012 1104 3080 est,

153 3094 266 3160 videre
301 3095 337 3157 in
371 3100 420 3156 tot
453 3094 695 3158 discriminibus
736 3115 756 3154 a
792 3093 951 3174 principio
989 3092 1105 3156 mundi

153 3182 327 3247 ecclesiam
356 3183 508 3246 habuisse
536 3183 738 3245 defensorem
765 3182 953 3258 filiumdei,
986 3183 1044 3264 qui
1071 3203 1105 3244 se

247 3360 274 3426 1)
294 3360 393 3413 Psalm
411 3358 486 3426 20.⁸)
516 3358 544 3425 2)
564 3357 698 3411 Christus
718 3358 844 3413 servavit
862 3357 1012 3412 ecclesiam
1030 3357 1104 3409 Iero-

180 3431 283 3498 rlymis.
334 3428 362 3496 3)
389 3429 413 3481 1.
439 3427 629 3483 Corinth.10.
671 3427 698 3494 4)
724 3429 810 3483 Gene.
830 3429 855 3482 3.
899 3425 1103 3495 1111141.

184 3499 505 3626 ›lxi'iat'iofflmurldillala'
523 3498 548 3552 3.
584 3498 613 3560 8)
639 3499 730 3552 Filius
750 3500 796 3554 dci
815 3499 950 3553 ecclesiae
969 3497 1105 3552 defensor

246 3732 272 3799 ⁸)
291 3732 381 3785 Deest
399 3731 430 3784 in
449 3731 510 3784 coll.
530 3730 620 3785 Vuitt.

888 3816 941 3870 13*
