2575 4225
432 277 559 340 Hoseae
581 278 766 358 prophetae.
1006 280 1070 343 473

9 480 11 525 ς
126 453 208 516 haee
241 471 394 534 praesens
427 453 494 517 vita
530 454 651 518 obiicit.
709 455 773 530 Qui
811 462 920 520 autem
957 457 1070 522 fratres

8 542 10 615 ]
127 562 195 606 non
218 548 305 617 sunt,
330 543 392 604 hoc
414 549 473 620 est,
497 545 555 624 qui
578 565 636 625 per
658 544 823 608 Christum
846 566 913 608 non
935 547 1071 610 credunt

128 651 162 693 se
185 631 288 694 factos
311 631 395 694 filios
418 632 486 708 dei,
516 633 552 694 hi
574 634 610 695 in
632 639 736 697 morte
760 641 792 698 et
814 635 940 698 inferno
963 656 1070 699 mane·

127 720 221 796 bunt,
246 721 330 782 sicut
343 718 466 797 Iudaei,
491 723 621 798 lineae,
646 729 766 802 gentes,
783 724 980 805 hypocritae,
997 725 1072 788 falsi

9 852 10 883 2
128 809 258 885 fratres,
298 815 358 872 etc.
400 811 457 890 qui
495 810 660 874 Christum
697 833 763 875 non
801 820 980 892 agnoscunt
1018 814 1071 876 dei

128 897 243 974 filium,
267 903 300 961 et
322 898 512 962 salvatorem
535 900 661 962 mundi.

221 1075 332 1138 uniet
353 1082 491 1139 autem
514 1083 658 1141 ventus
681 1097 818 1154 urens,
844 1079 1027 1142 dominus
1051 1101 1071 1142 a

233 1164 397 1228 deserto
420 1165 624 1242 ascendet,
649 1173 688 1228 et
711 1167 907 1231 arefaciet
930 1188 1071 1232 venam

173 1253 279 1329 eius,
305 1259 345 1315 et
366 1254 525 1316 fontem
548 1255 634 1317 eius
658 1255 875 1333 exiccabit,
906 1257 990 1339 ipse
1013 1257 1070 1320 di·

173 1341 297 1422 ripiet
330 1343 560 1406 thesaurum
587 1345 765 1406 omnium
795 1364 977 1410 vasorum
1006 1346 1070 1408 de·

174 1430 478 1511 syderabilium.

9 1576 11 1627 ζ
129 1605 270 1717 *Hanc
304 1629 432 1689 quoque
466 1610 658 1690 particulam
689 1611 775 1675 varie
810 1611 1022 1692 interpretant
1063 1659 1069 1674 .

220 1696 286 1760 Alii
307 1699 396 1761 enim
416 1697 458 1760 ad
472 1699 651 1778 Assyrium,
675 1700 731 1761 alii
754 1699 795 1762 ad
818 1700 1073 1772 NebucadNeaar

129 1788 210 1850 haec
232 1787 385 1864 referunt,
409 1787 491 1849 forte
513 1787 587 1850 ideo
610 1787 697 1867 quod
720 1787 774 1879 hic
797 1787 915 1850 dicitur
929 1787 969 1850 de
987 1787 1072 1851 vasis

130 1875 406 1939 desiderabilibus.
452 1875 671 1956 Hieronymus
695 1877 802 1939 neseio
829 1896 928 1956 quam
958 1877 1070 1956 allego·

130 1965 213 2028 riam
235 1965 339 2045 fingit,
363 1965 498 2046 exponit
521 1965 609 2027 enim
631 1966 820 2028 thesaurum
843 1971 875 2028 et
897 1985 973 2030 vasa
991 1965 1071 2028 desi·

131 2054 296 2130 derabilia,
320 2060 448 2118 sanctos
463 2059 579 2136 patres,
600 2074 659 2135 per
673 2054 837 2119 Christum
852 2060 1072 2135 resurgentem

130 2143 283 2206 liberatos
312 2164 352 2205 ex
382 2144 518 2206 inferno.
564 2144 655 2207 Haec
686 2145 746 2207 etsi
776 2165 843 2207 non
866 2136 1074 2225 disputa'ntur

131 2232 316 2311 irreligiose,
340 2238 451 2295 tamen
473 2233 577 2294 aliena
599 2252 730 2313 prorsus
754 2233 794 2296 ab
817 2234 878 2297 hoc
900 2233 970 2296 loco
986 2238 1071 2296 sunt.

131 2322 247 2401 Itaque
277 2320 356 2401 quid
385 2322 553 2401 proprium
579 2322 723 2385 maxime
754 2322 796 2384 sit
824 2321 860 2383 in
887 2322 1072 2402 interpreta-

132 2411 221 2475 tione
248 2410 370 2490 prophe
391 2430 495 2486 rrum,
531 2410 736 2490 potissimum
767 2410 980 2491 spectandum
1014 2414 1072 2472 est.

222 2499 371 2572 Primus
390 2499 489 2578 igitur
511 2498 692 2562 consideret
714 2500 823 2574 lector,
849 2499 936 2577 quod
958 2504 1075 2562 ventus

132 2607 240 2664 urens,
265 2597 363 2667 quem
385 2593 478 2651 vocat
496 2587 626 2663 ‚Kadim
649 2588 740 2649 ruah‘
765 2606 892 2668 semper
914 2587 1077 2667 significat

133 2678 168 2739 in
196 2677 318 2739 malam
347 2682 482 2757 partem.
529 2676 618 2739 Sicut
647 2677 746 2743 enim,
762 2676 894 2757 zephyri
923 2674 1076 2739 foecundi

134 2771 224 2842 sunt,
260 2766 307 2828 ita
337 2764 523 2841 orientales,
559 2766 637 2844 quia
668 2765 779 2845 frigidi
812 2771 845 2827 et
879 2765 955 2828 sicci
989 2769 1075 2841 sunt,

134 2874 228 2934 agros
249 2853 392 2916 laedunt.
438 2852 563 2916 Deinde
585 2874 653 2915 non
676 2855 795 2933 gratiae
819 2853 876 2916 sed
898 2855 964 2915 irae
979 2853 1078 2916 verba

133 2944 214 3005 haec
237 2948 329 3005 sunt:
353 2942 514 3005 Arefaeiet
535 2962 662 3018 venam,
687 2943 846 3005 exiccabit
867 2942 991 3004 fontem
1013 2947 1073 3003 ete.

134 3032 272 3095 Duriora
293 3037 403 3094 autem
424 3032 519 3111 longe
541 3030 621 3093 haec
643 3035 728 3107 sunt,
754 3049 853 3109 quam
867 3036 906 3092 ut
921 3030 962 3093 ad
978 3030 1076 3110 capti·

133 3122 269 3186 vitatem
298 3121 350 3184 vel
377 3120 606 3199 Babylonicam
641 3121 692 3183 vel
724 3119 930 3198 Assyriaoam
963 3119 1076 3181 refera-

133 3231 220 3287 mus,
244 3228 321 3271 nam
343 3209 408 3271 illis
430 3209 544 3289 poenis
566 3208 639 3271 fons
662 3227 720 3270 seu
742 3228 825 3271 vena
847 3228 914 3270 non
934 3208 1079 3269 exiccata

135 3306 197 3376 est,
234 3298 376 3360 afflictus
405 3297 539 3377 quidem
567 3296 704 3376 graviter
734 3296 799 3358 fuit
824 3298 978 3377 populus,
1021 3295 1077 3357 sed

155 3409 201 3451 ‚on
225 3391 313 3450 totus
336 3387 496 3467 perditus,
526 3392 559 3448 et
581 3405 769 3465 quanquam
792 3386 918 3447 Israelis
941 3403 1078 3464 regnum

159 3478 263 3552 eriret,
288 3481 397 3538 tamen
420 3475 494 3538 fons
516 3474 646 3549 mansit,
671 3475 732 3536 hoc
756 3479 819 3550 cst,
843 3475 947 3535 maior
970 3479 1002 3535 et
1024 3491 1076 3554 po·

163 3586 199 3630 or
221 3584 296 3648 pars
315 3564 438 3645 populi,
462 3583 503 3627 ex
518 3583 583 3642 quo
598 3560 731 3625 tandem
747 3562 893 3625 Christus
908 3568 1002 3626 natus
1018 3566 1076 3624 est.

163 3688 352 3699 ——nu—

226 3758 252 3826 ἦ
270 3759 306 3811 In
324 3724 413 3823 marg.
431 3756 494 3811 coll.
511 3756 584 3809 len:
602 3754 709 3809 Variae
727 3754 879 3823 opiniones
891 3756 927 3809 de
939 3755 995 3810 hcc
1007 3755 1078 3848 loco.
