2575 4225
450 287 575 353 Hoeese
598 289 783 371 prophetae.
1019 292 1083 355 245

146 484 234 543 mur,
265 465 323 531 sed
338 465 499 543 risimus,
527 472 560 531 et
581 466 847 548 depraedicemus
875 486 986 549 opera,
1017 490 1083 533 non

146 561 265 632 nostres
286 555 372 618 sient
389 555 589 637 hypocritae,
612 556 671 622 sed
692 554 827 621 domini.

234 644 324 708 Sient
350 651 461 707 sutem
490 644 649 726 prophete
676 646 739 709 hoc
766 644 802 707 in
835 644 904 709 loeo
938 650 1082 722 testetur,

146 734 233 811 illos,
265 733 323 814 qui
344 733 381 796 in
402 734 483 799 valle
505 734 613 798 Aehor
640 739 733 810 sunt,
762 739 946 805 cantaturos
973 734 1082 797 trium·
1183 726 1185 731 ’

144 823 241 904 phale
275 841 419 898 esrmen,
453 822 501 885 its
532 823 678 909 psalmus
711 822 797 887 hono
831 824 936 905 ipsam
966 824 1083 887 vollem

52 962 58 973 ,
144 912 251 975 Aehor
273 911 441 991 signifieat,
464 930 545 975 cum
556 912 700 980 subiicit:
725 912 867 991 Castiget
882 910 1015 992 quidem
1030 932 1083 975 me

15 1003 22 1016 “
145 1000 306 1077 dominus,
329 1000 387 1063 sed
409 1001 506 1065 morti
528 1020 581 1063 me
604 1022 671 1064 non
693 1000 800 1064 trudit.
847 1002 894 1063 Ae
917 1001 999 1081 petit
1021 1001 1083 1064 sibi

144 1090 262 1172 aperiri
284 1094 393 1171 portes
415 1088 576 1166 iusticias,
603 1090 666 1153 hoe
689 1095 753 1165 est,
783 1089 865 1171 petit
892 1109 925 1151 se
954 1088 1083 1153 admitti

144 1179 185 1241 sd
208 1179 334 1242 iustum
356 1178 514 1260 populum
536 1198 593 1242 seu
616 1179 783 1241 ecelesiam
805 1178 906 1247 lotam
929 1183 962 1241 et
991 1198 1082 1240 mun·

144 1268 254 1331 dotem
278 1266 434 1347 sanguine
456 1266 515 1329 filii
537 1266 662 1380 deit
623 1274 662 1331 ut
684 1268 846 1347 ingressus
869 1266 987 1347 gratius
1010 1274 1085 1346 agat

143 1356 288 1429 domino
376 1420 379 1428 ,
485 1372 489 1378 ’

233 1444 321 1519 Quid
344 1444 432 1513 euim
454 1445 559 1510 eliud
555 1462 738 1527 possumus
761 1464 820 1509 nos
843 1444 952 1507 miseri
981 1444 1082 1507 homi·
1096 1511 1098 1515 ,
1120 1443 1123 1451 ’

143 1553 216 1611 nee,
245 1535 386 1616 pereatis
409 1541 442 1599 et
462 1541 566 1605 morte
588 1535 750 1617 oppressi,
782 1552 881 1615 quam
903 1540 941 1599 ut
966 1532 1082 1597 benefi-

143 1623 232 1687 eium
265 1630 334 1687 tem
357 1624 523 1704 gloriosse
555 1624 770 1700 liberationis,
809 1622 903 1687 nobis
936 1622 1017 1703 ipsis
1052 1629 1085 1687 et

143 1712 216 1777 eliis
238 1712 485 1793 praedieemus?
507 1712 596 1777 Siout
610 1713 805 1777 infredoeet
819 1712 985 1793 propheta,
1009 1730 1084 1773 eum

142 1808 230 1864 oret:
262 1801 403 1866 Remitte
426 1802 536 1865 omnis
557 1806 753 1883 peoentmet
739 1800 862 1863 tdoue
883 1800 1023 1875 bonum,
1047 1818 1084 1863 se

9 1921 10 1924 ι
142 1890 362 1973 persolvemus
379 1890 445 1958 tibi
467 1890 584 1955 vitiilos
597 1892 759 1953 labiorum
774 1894 847 1955 nost
847 1908 966 1953 rorum
1001 1888 1085 1953 Nem

143 1994 281 2059 regnum
303 1978 443 2042 Christi
439 1980 615 2061 propagari
637 1979 793 2055 debet,u
771 1983 930 2057 utquam
947 1976 1084 2057 plurimi

11 2140 15 2153 Ι
144 2068 186 2130 sd
209 2068 427 2150 eognitionem
449 2069 547 2132 huius
569 2068 719 2132 beneficii
741 2067 932 2144 venientes
963 2066 1082 2131 salven

143 2152 225 2222 ιιι.ι
276 2157 319 2221 m
339 2158 404 2221 nisi
425 2158 491 2239 ipsi
512 2158 607 2221 nobis
629 2158 693 2222 hoo
714 2137 908 2237 beneficium
939 2161 1018 2236 quot
1004 2154 1083 2219 tidie

144 2263 305 2327 ponemus
327 2247 368 2309 ob
391 2247 509 2323 oeulos,
532 2247 691 2328 paulatim
712 2247 775 2310 hoe
798 2245 897 2308 effluit
915 2242 1022 2321 Satan,
1047 2249 1085 2308 ut

144 2335 214 2398 eius
236 2335 330 2398 obliti
351 2341 514 2398 vertamur
536 2336 578 2401 ad
600 2335 717 2398 mundi
740 2354 831 2398 eures
861 2340 895 2397 et
924 2353 1014 2415 opes,
1047 2352 1084 2396 se

144 2423 179 2486 in
209 2423 275 2486 illis
302 2424 397 2487 nobis
426 2431 580 2506 putemus
612 2423 718 2506 posite
751 2443 832 2494 esse
853 2423 972 2486 omnia.
1018 2422 1084 2484 Nee

111 2561 116 2566 .
144 2518 216 2576 tum
238 2512 393 2593 possibile
415 2519 477 2590 est,
501 2520 539 2576 ιιι
561 2513 665 2576 caveri
687 2513 791 2594 possit
811 2510 972 2587 idolatria,
1002 2510 1086 2574 sieut

17 2600 21 2607 “
145 2601 262 2664 Paulus
293 2601 464 2665 svsneism
492 2602 653 2669 idolorum
682 2601 867 2665 servitutem
894 2605 996 2664 voest.
1043 2599 1111 2664 Et*

144 2691 334 2771 prophete
324 2711 360 2752 ιιι
364 2691 524 2772 proxime
537 2691 691 2758 eonoione
706 2691 784 2754 satis
799 2689 917 2756 diserte
933 2686 1083 2764 ostendit,

12 2791 13 2796 ’
145 2778 234 2858 qued
255 2784 428 2863 postquem
449 2780 575 2844 domini
597 2779 718 2844 oblitus
740 2785 790 2843 est
817 2779 972 2886 populus,
1005 2738 1084 2840 aliod

14 2874 21 2969 Ἰ
145 2874 303 2935 amatores
326 2869 440 2933 sectari
461 2869 610 2951 eoeperit,

194 2956 308 3020 Non
341 2958 463 3020 solum
479 2959 578 3038 igitur
610 2958 671 3022 deo
704 2957 863 3033 iucunda,
899 2955 1018 3020 sedt
986 2943 1084 3018 etiem

145 3045 240 3110 nobis
264 3045 445 3110 admodum
478 3047 657 3110 necessarie
690 3052 740 3110 est
772 3045 828 3108 ills
861 3064 925 3108 vox
958 3042 1083 3119 cantici,

145 3153 229 3214 qnae
251 3153 426 3214 nunquam
443 3135 566 3199 silere
557 3156 593 3198 ιιι
615 3135 748 3200 eeclesia
770 3134 875 3210 debet,
898 3131 972 3196 ideo
986 3132 1085 3195 etism

145 3222 244 3286 Setun
266 3222 432 3286 mundum
449 3224 596 3306 impellit,
619 3229 658 3286 ut
679 3223 764 3288 hene
779 3241 890 3288 vocem
905 3220 1083 3303 prohibeat.

143 3311 229 3375 Nem
274 3311 362 3392 quod
403 3312 501 3376 hodie
539 3311 687 3394 pontifex
725 3310 904 3376 docuinam
941 3316 1085 3374 nostram

166 3406 296 3487 emunt,
332 3407 364 3464 et
390 3401 575 3484 principum
604 3400 750 3482 potentis
780 3401 822 3464 ad
857 3397 1085 3482 opprimendos

165 3495 272 3553 oetres
293 3490 442 3553 eeclesias
465 3491 557 3554 abuti
578 3491 686 3572 eupit,
716 3491 777 3553 hoc
800 3509 838 3552 eo
860 3489 1013 3570 pertinet,
1045 3507 1085 3550 ns

173 3578 279 3642 ‘elesia
301 3584 405 3655 cenat,
429 3578 487 3642 sed
508 3585 622 3642 teeeet.
669 3579 754 3653 Quis
775 3585 883 3641 autem
906 3578 968 3640 hoe
991 3575 1085 3639 ecole-

233 3772 263 3843 1)
281 3771 361 3828 Usus
379 3771 575 3828 confessionis.
