2575 4225
448 268 573 333 Hoseae
596 270 781 351 prophetae.
1009 268 1071 332 321

130 445 186 508 Sic
217 463 292 507 oum
319 451 469 526 urgerent
498 447 643 509 Israelim
667 446 739 529 Syri
767 444 875 523 vieini,
908 446 1074 529 Ephraym

7 585 14 623 Γ
132 554 169 597 se
198 533 414 613 eoniungebat
444 554 519 597 eum
552 535 700 616 Assyrio,
742 542 775 599 et
806 556 927 615 magna
963 536 996 599 vi
1029 555 1074 598 ar-

7 631 9 680 t
134 622 224 703 genti
257 622 386 685 emebat
422 623 552 686 auxilia.
599 624 681 686 Oum
718 631 831 707 postea
865 624 905 687 ab
943 624 1075 704 Assyrio

7 746 9 757 =
134 711 320 774 immineret
341 711 479 788 maium,
511 711 680 776 coniunxit
701 732 736 776 ae
759 732 834 775 oum
856 713 963 789 Iareb,
994 713 1077 775 siout

134 798 218 862 Iuda
244 799 374 879 petebat
403 800 562 863 auxilium
581 800 631 863 'ab
662 802 840 883 Aegyptiis.
891 802 963 864 Etsi
990 802 1077 863 enim

7 907 9 916 ’
133 888 210 969 quis
236 907 294 951 rex
320 884 430 951 Iareb¹
462 889 517 966 sit,
548 910 614 952 non
644 896 783 967 constet,
815 896 925 953 tamen
950 890 1078 965 ,olerum

7 985 9 1022 ἓ
133 982 193 1055 est,
210 976 401 1058 reprehendi
412 978 466 1040 hio
476 978 629 1041 fiduciam
640 979 859 1042 humanorum
874 979 1076 1041 auxiliorum.

126 1112 131 1135 ,
226 1065 368 1129 Pertinet
390 1066 488 1147 igitur
513 1067 594 1129 haee
617 1087 747 1149 quoque
777 1068 935 1150 particula
957 1088 1013 1143 eo,
1042 1074 1079 1129 ut

134 1154 251 1218 dooeat
273 1154 314 1216 de
328 1174 403 1219 vera
424 1155 633 1236 poenitentia,
657 1162 695 1219 ut
708 1156 852 1238 primum
875 1156 1000 1219 abiecta
1014 1156 1078 1219 ido·

137 1243 234 1306 latria
267 1244 508 1323 aequiescamus
541 1244 577 1306 in
610 1245 717 1309 verbo.
764 1245 889 1307 Deinde
922 1250 959 1307 ut
989 1264 1079 1325 spem

139 1338 284 1395 nostram
306 1332 484 1395 habeamus
507 1334 647 1415 positam
670 1334 705 1397 in
721 1333 790 1411 deo,
815 1334 873 1414 qui
895 1339 928 1398 et
949 1338 1080 1414 peoeata

138 1420 286 1497 remittit,
310 1425 344 1483 et
358 1440 478 1502 poenas
492 1422 622 1502 mitigat
635 1423 685 1499 iis,
705 1423 762 1505 qui
776 1442 907 1505 peecare
923 1423 1078 1485 disinunt.

142 1510 205 1583 Qui
228 1514 338 1572 autem
367 1510 483 1573 nolunt
509 1510 594 1574 hane
620 1512 837 1593 poenitentiae
867 1513 1020 1588 formam,
1049 1518 1081 1573 et

141 1599 283 1662 retinent
311 1598 507 1676 idolatriam,
543 1600 627 1663 sieut
654 1602 814 1682 papistae,
846 1600 882 1663 hi
908 1607 1082 1682 properant

141 1687 205 1750 eriri
218 1687 365 1764 exitium,
390 1693 423 1750 et
445 1689 502 1768 qui
517 1689 559 1751 ad
580 1689 725 1752 humana
745 1690 866 1753 auxilia
880 1689 1080 1769 confugiunt,

143 1776 184 1837 de
206 1776 259 1838 his
281 1776 360 1839 dioit
382 1778 555 1858 propheta:
585 1778 659 1841 Non
681 1783 857 1859 potuerunt
882 1797 994 1841 sanare
1017 1778 1082 1841 vul·

144 1883 205 1927 nus
227 1870 331 1927 tuum.
378 1865 442 1928 Gur
463 1866 548 1928 hoo?

189 2003 293 2121 Quia
315 2027 386 2087 ego
409 2026 495 2070 sum
515 2007 709 2071 velut'leo
725 2008 939 2089 Ephraym,
964 2012 1004 2070 et
1025 2025 1083 2070 ve·

249 2096 308 2159 lut
337 2097 496 2161 catulus
525 2096 657 2160 leonis
692 2096 826 2161 domui
853 2096 957 2160 Iuda.
1005 2096 1085 2176 Ego

190 2205 258 2265 ego
281 2185 389 2285 rapio
417 2191 458 2248 et
479 2186 590 2262 vado,
619 2185 722 2250 tollo
746 2192 784 2249 et
810 2206 924 2250 nemo
948 2185 1084 2267 eripit.

145 2323 229 2438 Nou
251 2327 402 2408 Assyrius
435 2348 572 2408 regnum
594 2328 702 2405 Israel,
738 2349 804 2391 non
823 2327 1019 2408 Babylonius
1042 2347 1086 2389 re-

213 2435 316 2496 gnum
337 2435 395 2479 seu
422 2415 556 2478 domum
578 2416 662 2479 Iuda
681 2418 832 2494 vastavit,
863 2416 919 2480 sed
946 2416 1015 2496 ipse
1034 2415 1087 2478 do·

145 2505 266 2582 minus,
291 2503 348 2584 qui
363 2504 467 2568 sicubi
489 2505 628 2586 eoeperit
650 2505 821 2586 indignari,
845 2525 918 2568 vere
941 2509 991 2571 est
1005 2504 1088 2566 siout

146 2594 213 2670 leo,
253 2594 303 2656 o‘
344 2592 432 2673 quod
462 2592 598 2675 arripuit
635 2594 717 2676 eripi
750 2615 816 2664 non
849 2599 964 2676 potest.
1023 2593 1089 2656 Nos

147 2703 277 2764 quoque
328 2680 400 2744 odie
422 2682 603 2745 iudicemus
625 2683 711 2746 hane
734 2703 803 2747 esse
826 2701 970 2759 oausam,
1002 2683 1090 2762 quod

147 2777 239 2836 tanto
262 2790 411 2834 successu
434 2776 545 2834 eontra
567 2791 625 2834 nos
640 2779 766 2853 pugnat
788 2773 899 2836 Turoa.
946 2770 980 2833 Si
1003 2770 1090 2832 enim

147 2881 208 2924 nos
242 2860 509 2940 coniungeremus
530 2879 605 2922 oum
635 2860 785 2936 domino,
828 2867 862 2922 et
895 2879 970 2938 eum
997 2857 1090 2922 nobis

149 2971 216 3013 non
238 2950 506 3012 constitueremus
539 2948 710 3011 inimicum
731 2969 789 3028 per
817 2954 949 3030 peecata
971 2953 1089 3022 nostra,

150 3037 272 3121 impius
299 3037 402 3101 hostis
425 3037 523 3100 etiarn
546 3038 637 3100 deret
659 3058 779 3119 paenas
809 3036 924 3099 nefarii
947 3040 1089 3098 oonatus.

150 3127 245 3190 Nune
276 3145 351 3188 oum
378 3127 498 3189 maturi
524 3145 637 3190 sumus
666 3126 793 3207 poenis,
828 3125 931 3207 impia
960 3124 1092 3187 oonsilio

156 3215 373 3280 fortunentur.

241 3303 402 3385 Repetitio
417 3303 618 3385 pronominis
636 3302 777 3385 pertinet
798 3301 840 3366 ad
854 3301 1092 3384 reprimendam

171 3392 357 3456 eouritatem
379 3392 598 3456 idolatrarum.
645 3393 844 3456 Existimant
872 3393 1017 3454 enimse
1048 3391 1092 3453 di-

163 3482 210 3562 igi
233 3501 253 3543 a
276 3480 336 3544 de'o
358 3487 489 3563 propter
512 3481 635 3557 cultus,
660 3501 741 3562 quos
763 3486 937 3566 praestant,
962 3479 1017 3544 sed
1041 3479 1093 3542 do·

175 3571 265 3633 rinus
287 3574 423 3633 testatur
444 3589 479 3633 se
503 3569 608 3634 odisse
632 3589 696 3634 eos.

245 3744 273 3812 1)
292 3744 383 3799 Iareb.

192 3843 283 3884 Luthert
296 3853 345 3892 opp.
359 3847 444 3894 exeget-
474 3843 523 3886 Vol.
536 3843 613 3886 XXIV.
