2575 4225
211 273 276 337 404
347 299 351 307 ·
536 273 641 354 Caput
664 269 827 335 decimum

210 471 299 528 mue,
331 458 369 515 ut
391 449 483 531 digni
505 450 621 513 fiamus
644 450 783 529 effugere
806 450 887 513 haec
913 450 1037 526 omnia,
1069 470 1152 531 quae

211 538 486 693 ffitglrlntpporibus
523 537 613 603 verbi
651 544 684 601 et
720 536 865 605 idolatrie
903 538 1056 603 historiae
1091 540 1153 603 hae

322 770 465 834 diebus
489 770 611 834 Gibea
639 768 771 833 Israel
797 770 994 852 peccasti,
1027 790 1071 833 ac
1099 769 1155 836 ita

322 859 559 942 perstitisti,
585 859 653 922 sed
676 880 755 922 non
778 859 1062 941 apprehendet
1085 879 1154 923 ece
1277 863 1278 867 ’

256 949 445 1030 prelium,
470 949 593 1031 quale
615 948 657 1011 in
673 948 800 1011 Gibea
822 948 914 1025 fuit,
939 946 1042 1029 quod
1064 967 1154 1012 con·
1276 980 1278 1001 ι

256 1046 320 1102 tra
342 1038 455 1102 filios
478 1036 722 1118 iniquitatis
745 1043 902 1119 gestum
925 1044 995 1101 est.
1021 1047 1024 1049 ’

213 1179 317 1296 Qvae
344 1182 410 1243 iam
438 1186 630 1261 sequuntur,
661 1181 758 1262 paulo
781 1180 965 1244 obscuriora
987 1185 1065 1242 sunt
1085 1200 1156 1260 pro-

272 1276 344 1351 pter
366 1270 494 1349 figuras.
541 1271 588 1332 De
612 1269 773 1332 sententia
801 1275 912 1331 tamen
941 1275 1066 1331 certum
1096 1274 1156 1344 est,

212 1359 380 1422 cohaerere
424 1360 505 1421 haec
549 1378 678 1438 quoque
724 1377 798 1420 cum
844 1356 1076 1438 superioribus,
1124 1363 1159 1421 et

211 1446 371 1529 pertinere
394 1447 436 1509 ad
459 1447 744 1510 comminationem
774 1446 958 1510 institutam
986 1445 1027 1507 de
1057 1464 1159 1527 regno

211 1535 310 1599 Israel
348 1540 478 1615 propter
520 1534 703 1598 idolatriam
740 1536 870 1617 penitus
915 1533 1074 1599 vastando
1120 1554 1160 1597 ac

211 1625 248 1686 in
292 1623 455 1705 superiore
501 1643 630 1705 quoque
668 1624 772 1704 capite
810 1623 963 1686 meminit
999 1622 1161 1703 propheta

212 1714 337 1795 peccati
366 1708 497 1790 Gibea‚²
532 1712 619 1793 quod
649 1713 800 1776 recitatur
828 1713 864 1775 in
894 1712 978 1775 libre
1006 1712 1161 1775 Iudicum
1274 1719 1278 1767 ¹2

212 1823 259 1865 ca.
287 1798 357 1865 la*
401 1803 453 1865 Ab
484 1823 536 1878 eo,
553 1802 694 1881 inquit,
730 1808 874 1883 tempore
903 1802 1002 1864 Israel
1031 1820 1162 1883 semper
1276 1784 1278 1867 f

212 1891 367 1974 peccavit,
393 1912 430 1953 ac
452 1893 499 1955 ita
521 1892 663 1972 perrexit
685 1911 788 1971 usque
810 1891 856 1953 in·
868 1891 957 1952 hunc
980 1889 1078 1953 diem.
1276 1890 1278 1921 ²

301 1982 341 2042 In
364 1981 488 2043 Ebraeo
511 1985 654 2043 mutatae
676 1999 831 2061 personae
854 1985 887 2042 et
914 1979 1042 2041 numeri
1071 1985 1158 2054 sunt,
1276 1984 1278 2027 :

212 2090 233 2132 a
256 2069 371 2132 diebus
395 2069 497 2133 Gibea
518 2070 617 2133 Israel
638 2070 794 2152 peccasti,
823 2068 879 2132 ibi'
897 2072 1069 2145 steterunt,
1101 2068 1160 2132 sed
1275 2076 1278 2164 f

213 2178 273 2221 noe
296 2159 490 2221 sententiam
512 2158 723 2222 reddidimus.
770 2153 913 2221 Minatur
932 2164 1041 2220 autem
1057 2157 1158 2221 domi·
1275 2165 1277 2194 ²

213 2265 275 2309 nus
298 2247 461 2323 futurum,
493 2254 531 2310 ut
552 2248 680 2328 gravius
708 2247 895 2327 affligantur
924 2267 1024 2327 quam
1045 2247 1159 2309 Benia-

211 2335 322 2412 mitae‚
346 2335 556 2398 defendentes
572 2337 676 2399 scelus
692 2336 945 2399 Gibeonitarum.
982 2333 1054 2398 Etsi
1070 2335 1160 2398 enirn
1274 2343 1277 2406 ¹,

214 2430 345 2506 propter
367 2428 536 2504 peceatum
552 2425 655 2488 Gibea
670 2429 738 2488 tota
760 2425 864 2488 tribus
880 2424 1052 2487 Beniamin
1074 2445 1159 2506 pene

214 2513 378 2577 occidione
406 2515 510 2577 occisa
543 2519 606 2591 est,
637 2520 747 2577 tamen
778 2513 974 2586 reconciliati
1004 2514 1159 2577 fratribus

214 2609 404 2665 manserunt
425 2604 461 2663 in
484 2604 604 2683 populo
634 2603 702 2679 dei,
734 2608 766 2666 et
792 2604 977 2666 habuerunt
1003 2602 1158 2682 reliquiae

214 2691 370 2751 suumin
392 2697 477 2752 terra
499 2691 659 2770 promissa
680 2693 797 2754 locum.
844 2691 896 2767 Id,
926 2691 1034 2771 inquit
1057 2691 1158 2754 domi·
1274 2753 1276 2768 ,

214 2796 291 2852 aue,
324 2797 399 2840 cum
429 2797 527 2857 regno
556 2780 655 2841 Israel
683 2801 749 2842 non
776 2781 847 2857 fiet,
881 2779 1083 2844 abducentur
1111 2800 1157 2842 ca·
1273 2771 1276 2838 :¹

216 2865 299 2947 ptivi
321 2866 357 2928 in
378 2868 555 2946 Assyriam,
580 2888 640 2931 nec
663 2888 809 2948 unquam
833 2868 994 2932 redibunt.

227 2959 231 2963 ’
303 2955 369 3017 Alii
398 2957 495 3037 paulo
524 2957 615 3019 aliter
649 2959 737 3020 hunc
770 2959 879 3020 locum
913 2956 1090 3038 explicant,
1128 2965 1161 3022 et
1272 2953 1275 3038 i

216 3045 304 3123 quod
326 3045 367 3106 de
390 3046 493 3108 Gibea
515 3047 631 3125 allegat
654 3046 825 3127 propheta,
858 3047 892 3108 id
920 3066 986 3108 non
1015 3045 1162 3110 referunt
1272 3041 1275 3098 l

216 3131 258 3194 ad
272 3133 527 3196 Beniamitarum
551 3136 759 3211 calamitates,
785 3155 867 3215 quae
883 3135 1089 3214 aliquomodo
1104 3157 1161 3217 po·
1273 3121 1275 3192 ³

216 3226 285 3283 stea
307 3221 472 3301 mitigatae
496 3230 587 3300 sunt,
616 3224 672 3286 sed
696 3224 737 3286 ad
760 3225 899 3304 reliquas
922 3224 1025 3286 tribue
1048 3225 1161 3288 Israel.
1272 3245 1274 3280 ³

221 3304 311 3372 ²Hae
341 3311 429 3371 enim
456 3313 555 3373 etiam
585 3313 621 3374 in
655 3313 740 3375 iusta
774 3333 870 3375 causa
903 3313 953 3374 bia
988 3313 1163 3376 infeliciter
1273 3315 1274 3360 ἱ

216 3406 411 3480 pugnarunt,
436 3405 474 3462 ut
491 3402 682 3483 priusquam
697 3401 737 3464 de
754 3402 825 3464 aliie
842 3401 1038 3483 supplicium
1054 3421 1150 3466 sume
1272 3405 1274 3486 ξ

306 3575 332 3641 1)
351 3577 503 3629 Peccatum
521 3573 621 3629 Gibea.
659 3575 687 3643 2)
707 3577 807 3642 Pugna
826 3592 891 3630 cum
909 3575 1090 3631 Beniamitis

306 3732 331 3799 ⁸¹)
350 3734 386 3787 In
404 3751 491 3801 marg.
511 3735 573 3788 coll.
593 3736 669 3788 Ian:
688 3735 750 3789 Iud.
771 3735 813 3789 19.
