2575 4225
456 271 555 335 Oseae
578 273 763 354 prophetae.
1015 276 1077 338 121

139 469 192 510 me
216 449 367 530 populus,
392 455 517 512 utnon
539 451 661 532 possim
685 451 730 512 eis
753 450 802 513 uti
825 459 935 514 contra
949 452 1078 534 impios,

139 538 196 601 sed
231 538 296 619 ipsi
329 538 395 599 iam
428 539 523 620 impii
545 559 586 601 ex
608 540 672 620 piis
694 539 786 617 facti,
823 539 901 603 adeo
932 547 969 604 ut
997 561 1080 622 opus

140 633 224 688 esset
248 627 319 689 aliIs
342 627 460 707 quibus
483 649 541 708 prc
564 647 639 690 arcu
663 635 776 691 uterer.

357 786 479 849 Cadent
501 788 536 848 in
559 788 664 867 gladio
687 788 857 870 principes.

140 890 230 1008 Qun
264 893 383 955 frustra
417 892 541 956 faciunt
573 914 633 956 me
655 894 790 956 clamare
818 915 876 975 per
906 895 1079 976 prophetas

199 1002 291 1044 meos
314 981 407 1044 cadet
428 1003 495 1044 non
518 983 622 1045 solum
644 984 793 1064 populus,
818 983 874 1045 sed
896 984 1079 1046 electissimi

140 1071 261 1150 quique
285 1076 318 1133 et
340 1071 501 1152 principes
524 1078 556 1134 et
579 1072 727 1134 seniores.

387 1230 455 1292 ista
477 1231 686 1294 subsannatio
710 1250 829 1293 eorum.

139 1334 356 1446 Hmsouruvs
379 1339 606 1418 interpretatur
629 1338 669 1400 de
699 1343 830 1419 peccato
858 1338 893 1398 in
920 1338 1078 1418 Aegypto,

214 1426 276 1488 Sed
301 1446 359 1505 ego
381 1426 526 1506 intelligo
549 1427 608 1489 sic:
635 1426 758 1489 Cadent
780 1427 816 1487 in
838 1425 961 1506 gladios
984 1427 1078 1505 Assy-

139 1514 270 1590 riorum,
306 1515 389 1576 nihil
423 1514 546 1578 iuvabit
580 1515 667 1595 quod
702 1535 734 1578 se
770 1515 901 1577 consilio
935 1515 1079 1576 humano

140 1603 294 1668 aduersus
318 1603 415 1666 deum
437 1604 597 1666 voluerint
619 1604 800 1666 defendere.
848 1600 920 1683 Θίῴ
942 1604 997 1667 bui
1019 1603 1078 1685 [tub

139 1690 182 1757 bie
203 1689 357 1764 Sundcrcn
378 1689 420 1757 bic
440 1691 491 1774 tid)
514 1692 555 1774 oft
576 1695 762 1773 Aegyptum
784 1691 904 1774 [atteror
928 1689 994 1772 tillo
1014 1689 1079 1756 mitt

139 1796 209 1846 mun
231 1779 288 1846 iter
311 1779 426 1861 innuen.
458 1780 551 1854 Quod
566 1782 725 1845 voluerint
741 1781 861 1844 auxilia
876 1801 917 1842 ex
931 1782 1079 1860 Aegypto

140 1870 265 1932 adferre
289 1876 399 1932 contra
421 1869 566 1932 Assirios.

475 2093 620 2163 ull’vr
642 2095 745 2163 vm.

137 2223 267 2335 Iranvu
293 2225 479 2289 exhortatur
507 2226 638 2306 spiritus
668 2226 875 2306 prophetam,
905 2231 942 2288 ut
969 2226 1076 2302 instet,

189 2335 257 2377 non
281 2319 382 2376 cesset
404 2315 541 2377 clamare
564 2334 584 2377 a
606 2314 785 2377 revocando
808 2315 938 2395 popule,
963 2334 1002 2375 ne
1027 2334 1077 2376 ex-

3 2391 10 2475 ἐ
137 2409 232 2465 terna
255 2402 376 2465 auxilia
398 2410 563 2482 quaerant.

385 2561 425 2626 In
448 2568 575 2641 gutture
598 2568 655 2625 tuo
678 2562 721 2625 sit
742 2562 829 2624 tuba.

137 2663 258 2775 &aar
272 2683 329 2734 mtt
344 2668 452 2754 gettojt
468 2669 545 2748 quia
559 2669 707 2748 indigent
721 2688 840 2747 magna
851 2667 1077 2749 increpatione,

216 2758 310 2819 Insta
332 2777 451 2837 magna
473 2777 549 2821 voce
571 2764 609 2821 ut
631 2763 834 2834 revocentur,
858 2776 962 2838 neque
986 2777 1080 2838 porro

138 2846 277 2908 audiant
299 2845 604 2928 pseudoprophetas.

279 3005 379 3079 Quasi
402 3006 510 3085 aquila
533 3025 629 3087 super
652 3006 785 3067 domum
808 3004 941 3067 domini.

176 3135 275 3176 arnon
302 3112 356 3173 hic
386 3131 495 3174 meam
521 3111 746 3191 ignorantiam.
793 3111 877 3172 Nam
908 3110 991 3172 mihi
1013 3129 1080 3172 non

199 3200 361 3264 satisfacio
384 3200 420 3261 in
442 3201 504 3263 hoc
525 3207 625 3276 textu
674 3200 806 3280 Oportet
819 3205 857 3263 ut
871 3198 925 3263 hic
940 3199 1080 3278 fingatur

137 3289 297 3371 ecclipsis,
321 3288 356 3350 id
379 3295 428 3352 est
449 3290 594 3353 defectus
616 3295 685 3351 tam
707 3289 876 3351 verborum
892 3308 990 3369 quam
1013 3307 1078 3349 ora·

183 3400 276 3441 num.
324 3378 424 3441 Eleva
438 3398 550 3443 vocem
565 3384 665 3455 tuam,
691 3398 772 3458 quae
788 3378 881 3458 quasi
897 3375 1004 3456 aquila
1019 3381 1077 3437 etc.

179 3467 250 3529 arba
285 3472 363 3529 sunt
396 3467 640 3530 comminantis:
677 3465 765 3547 &edu
798 3464 846 3546 fich
879 3465 946 3548 fiir)
980 3462 1023 3529 ΕΒ
1045 3462 1079 3546 itt

167 3573 204 3637 1⁰3
231 3553 406 3636 verbunden,
442 3556 529 3636 quod
570 3556 669 3618 etiam
705 3556 820 3618 domus
854 3553 980 3616 domini
1013 3573 1080 3615 non

175 3645 201 3706 ’t
222 3664 335 3707 secura
357 3644 393 3706 in
414 3645 627 3707 Hierusalem.
675 3645 718 3706 Et
745 3643 853 3707 veniet
880 3642 1080 3707 adversarius

179 3739 222 3796 'ut
246 3733 365 3813 aquila,
389 3733 424 3796 id
447 3740 503 3810 est,
527 3733 621 3798 velox
644 3739 676 3795 et
698 3752 799 3813 rapax
821 3751 887 3809 rex,
920 3731 977 3812 qui
999 3729 1080 3792 nulli
