2575 4225
440 261 565 323 Hoseae
588 260 772 342 prophetae.
1011 260 1075 325 295

131 428 252 514 movit,
286 444 325 501 ut
354 436 601 503 fornicationem
627 438 814 503 transferret
841 436 883 501 ad
912 437 1080 502 idolatriae

18 577 19 580 ,
130 527 290 591 studium.
336 528 429 591 Paria
458 528 547 590 enim
574 527 726 608 utrinque
756 533 832 591 sunt
860 526 983 603 omnia,
1015 528 1079 590 nisi

18 667 22 694 ,
130 616 224 697 quod
246 616 424 697 spiritualis
439 615 609 680 fornicatio
626 616 752 696 gravior
767 622 799 679 et
820 616 957 679 infinitis
972 616 1078 681 modis

18 709 19 726 ³
132 705 343 785 periculosior
363 710 421 781 est,
437 705 541 769 animi
556 706 644 769 enim
662 706 723 769 hac
738 705 886 786 occupati
908 710 940 767 et
955 704 1077 781 infecti,

18 791 19 866 ἶ
130 794 223 857 haud
246 795 341 857 facile
356 794 463 857 sanari
480 802 627 875 possunt.
674 794 886 859 Existimetur
906 794 994 857 euim
1009 814 1077 857 esse

18 879 19 884 ’
132 884 246 963 religio
269 890 302 946 et
323 902 471 947 summus
493 882 548 946 dei
574 884 689 947 cultus.
737 882 854 947 Contra
880 882 917 946 in
944 883 1077 947 fornica-

18 1003 19 1034 ι
132 972 222 1036 tione
245 972 365 1035 carnali
387 972 560 1037 manifesta
582 972 750 1053 turpitudo
773 977 838 1048 est,
866 991 949 1051 quae
972 992 1077 1052 neque
1142 1008 1145 1017 ‹

129 1081 244 1125 coram
265 1060 452 1125 hominibus
475 1061 622 1125 excusari
644 1067 701 1124 aut
687 1060 855 1124 tdefendi
877 1065 993 1141 potest,
1018 1081 1077 1125 nec

129 1168 242 1213 eoram
271 1150 476 1213 conscientia
534 1149 659 1219 Deinde
689 1150 838 1213 homines
868 1148 1077 1214 circumventi

18 1267 19 1324 j
58 1269 78 1284 κ
133 1238 358 1316 incommodis,
383 1258 466 1319 quae
489 1240 592 1321 turpis
621 1238 723 1302 libido
746 1238 840 1320 parit,
868 1256 999 1318 peccare
1022 1237 1073 1301 de-

18 1333 19 1398 }
129 1328 256 1391 sinunt

18 1473 19 1498 ξ
221 1416 339 1519 Itaque
368 1415 559 1481 videmus
549 1437 585 1480 ιιι
613 1382 772 1497 evangelii
805 1416 942 1480 historia
971 1358 1075 1497 phari-

18 1511 19 1528 *
128 1524 237 1581 saeos,
266 1506 410 1609 insignes
439 1505 642 1582 fornicarios,
671 1506 805 1570 hoct
756 1511 820 1582 est,
850 1504 1002 1569 idolatras
1030 1511 1077 1569 tu-

131 1600 258 1657 mentes
282 1595 434 1675 opinione
457 1595 604 1676 propriae
625 1594 788 1671 iusticias,
820 1594 916 1675 plane
939 1614 1008 1660 esse
1031 1593 1077 1658 in·

130 1684 341 1763 corrigibiles,
361 1689 394 1746 et
380 1684 551 1747 tOhristus
561 1684 704 1746 libere
676 1703 723 1746 ers
735 1684 907 1764 exprobrat
918 1682 1074 1759 futurum

131 1777 170 1834 ut
214 1773 398 1836 meretrices
436 1778 468 1836 et
512 1772 678 1854 publicani
716 1791 769 1835 eos
807 1770 1001 1854 praecedant
1042 1772 1077 1834 in

128 1880 231 1941 regno
254 1856 337 1924 dei.l

221 1951 366 2031 Apparet
387 1957 506 2028 autem,
534 1952 620 2014 hanc
642 1949 837 2013 sententiam
859 1949 955 2029 vulgo
978 1948 1073 2013 usita-

129 2044 214 2115 tam,
244 2044 278 2103 et
298 2040 459 2120 proverbii
485 2040 557 2104 loco
582 2044 771 2120 usurpatam
797 2057 868 2103 esse
894 2038 1077 2119 (fornicatio

127 2137 164 2193 et
179 2123 312 2192 vinum²
339 2135 372 2192 et
392 2135 539 2194 mustmn
553 2130 706 2192 auferunt
727 2124 794 2212 eor)
817 2147 895 2191 nam
915 2129 996 2192 haee
1012 2126 1076 2192 duo

19 2236 21 2275 ι
127 2217 231 2293 sicia,
261 2218 432 2282 iomieatio
459 2224 493 2282 et
520 2219 657 2282 ebrietas
685 2218 732 2281 ita
758 2223 902 2282 mentem
932 2218 1074 2300 capiunt,

128 2312 169 2371 ut
191 2307 277 2371 nihil
299 2327 334 2370 se
356 2307 493 2387 dignum
516 2308 665 2387 cogitare,
689 2305 788 2386 loqui,
813 2313 870 2370 aut
890 2326 983 2386 agere
1006 2326 1075 2387 pos·

128 2395 183 2458 sit.
232 2395 405 2476 Eleganter
425 2396 526 2476 igitur
547 2416 628 2477 puer
643 2396 747 2475 Cyrus
770 2395 858 2477 apud
881 2395 1075 2475 Xenophon·

130 2489 199 2548 tem
222 2484 299 2549 vino
318 2505 481 2566 venenum
504 2485 691 2548 admixtum
712 2483 802 2560 dicit,
833 2483 922 2564 quod
943 2483 1075 2547 videbat

128 2567 205 2644 anis
232 2568 413 2651 μεθόοντάς
438 2567 496 2636 καὶ
516 2567 748 2652 colerensem
777 2566 834 2636 καὶ
854 2577 921 2643 τοῖς
951 2567 1075 2652 σώμασι

130 2657 303 2743 σφάλλειν.
360 2663 401 2725 Id
423 2662 511 2743 qnod
532 2663 676 2726 condens
711 2661 838 2727 videtin
859 2662 998 2726 voluisse
1025 2681 1076 2724 ex-

19 2768 20 2833 ι
132 2751 272 2830 primore
295 2771 371 2814 cnm
394 2751 473 2816 dicit
498 2751 636 2816 rusticus
665 2750 865 2816 adolescens:
901 2752 1076 2831 Postquam

20 2903 21 2908 ,
131 2841 275 2916 surrexi
316 2860 421 2920 neque
458 2860 529 2922 pes,
577 2859 683 2919 neque
726 2859 818 2902 mens
860 2841 939 2903 satie
981 2859 1077 2904 suum

131 2889 621 2995 annuntiaturum
649 2933 698 2990 est
684 2927 807 2993 tillud
829 2927 1014 2991 Archilochi
1036 2927 1076 2990 de

20 3002 21 3063 i
129 3015 271 3100 impuro
285 3038 394 3082 amore
471 3016 562 3122 ipos

20 3102 21 3145 ³
267 3101 394 3191 mnae
415 3098 482 3170 κατ’
506 3097 644 3184 ἄχλὸν’
627 3099 778 3185 ομμάτων
800 3104 910 3183 ἔχευεν

266 3193 391 3281 111111
412 3193 450 3260 aa
469 3197 607 3281 ceptior
629 3188 754 3265 ἁπαλὰς
777 3195 905 3278 φρένας

221 3285 330 3370 Atque
357 3285 440 3350 haee
461 3285 527 3348 fuit
554 3303 669 3360 eausa,
698 3303 756 3346 cur
777 3289 890 3365 poetae
919 3281 1077 3363 fingerent

167 3372 320 3454 pidinem
353 3393 496 3439 caecum.
543 3373 635 3439 Vere
664 3373 753 3441 enim
787 3391 881 3436 caeco
911 3391 1006 3435 nemo
1042 3371 1078 3434 in

163 3481 240 3525 nore
264 3462 358 3543 sapit.
405 3462 468 3525 Sed
490 3462 586 3542 longe
608 3460 818 3542 periculosius
843 3465 989 3524 moretur
1012 3461 1077 3522 ani·

191 3569 214 3624 s,
240 3556 378 3631 postque
401 3550 566 3637 adducis,
589 3569 673 3631 quae
696 3551 732 3614 in
746 3549 846 3614 deum
868 3549 947 3632 poni
970 3548 1076 3624 debet,

220 3744 247 3812 1)
264 3743 369 3803 Mean.
387 3741 431 3801 21.
466 3742 496 3811 2)
515 3742 625 3799 Vinum
641 3745 674 3798 et
690 3757 770 3798 arnor
788 3741 912 3808 gratita
930 3739 1061 3796 laedunt.

1242 3777 1247 3788 ,
1255 3737 1273 3778 :st

1231 3779 1273 3851 gp
