2575 4225
194 289 237 353 36
519 286 623 368 Caput
645 286 797 366 quintum

193 463 251 531 sed
274 485 332 546 ego
354 484 430 529 eum
451 464 652 545 Hieronymo
674 463 805 525 interim
823 482 949 539 maneo,
973 463 1032 544 qui
1053 464 1136 545 legit

194 554 312 618 sordes.
360 553 403 619 ut
425 558 474 617 est
496 553 669 617 sententia:
694 553 768 633 Ipse
791 552 913 633 patitur
933 552 1134 616 calumniam

193 649 227 707 et
248 662 315 705 non
336 643 436 706 habet
458 642 608 705 effectum
623 661 738 705 causae
761 660 837 703 suae
860 647 894 705 et
908 641 1029 719 iudicii,
1053 643 1135 723 quia

87 774 90 779 -
193 737 372 812 sequuntur
393 730 618 794 immunditias
641 750 716 792 suas
739 735 771 791 et
794 729 903 793 sordes
925 750 1043 807 meras,
1074 731 1132 794 du·

193 840 267 883 rum
288 827 362 901 post
384 827 592 902 praeceptum
608 819 789 894 hominum,
806 818 864 882 sed
882 818 998 883 melius
1010 819 1131 896 sordes,

193 906 260 975 mut
281 923 359 990 tcum
380 906 487 989 iethet,
510 908 588 971 fient
611 908 755 987 gentiles.

541 1067 583 1129 Et
605 1086 665 1147 ego
688 1061 778 1143 ete.,¹

194 1174 228 1237 id
256 1179 319 1237 est:
351 1192 505 1237 oonsumo
533 1192 586 1235 eos
616 1172 774 1253 quottidie
803 1177 841 1236 ut
868 1172 956 1235 tinea
984 1179 1042 1237 eto.
1073 1175 1133 1255 qui

193 1263 278 1326 fiunt
301 1261 431 1325 cottidie
454 1261 588 1341 gentiles
611 1266 671 1327 eto.

471 1414 532 1483 ‘nt
554 1420 636 1485 vidit
658 1416 850 1506 Ephra[im]:

284 1546 404 1607 poenus
420 1527 585 1603 sentimus,
603 1527 733 1608 eulpam
748 1547 828 1591 raro.
872 1527 1030 1609 Ephraim
1043 1526 1134 1598 videt

193 1616 382 1695 languorem
418 1609 578 1701 [Insuperz
622 1610 791 1701 miserias],
831 1616 888 1679 sed
921 1615 1031 1679 sordes
1065 1637 1133 1681 non

195 1704 302 1781 sentit,
338 1704 440 1767 nescit
473 1704 560 1767 unde
593 1704 697 1786 possit
723 1696 887 1770 consulere
913 1704 1024 1770 dolori.
1071 1705 1133 1771 Pro

194 1792 361 1855 vinculum
385 1792 527 1857 dolorem
550 1794 676 1857 melius.
702 1829 745 1838 -

549 1954 592 2016 Et
613 1953 695 2016 abiit
716 1957 775 2016 eto.

283 2059 372 2126 videt
404 2060 569 2124 miserium
598 2079 692 2124 suam
720 2059 878 2141 Ephraim
906 2065 939 2124 et
965 2059 1133 2140 coniungit

195 2169 229 2212 se
252 2150 384 2230 Assyrio
414 2151 496 2229 regi,
527 2149 580 2215 but
609 2147 659 2232 iu,
687 2147 816 2232 qnebisset
841 2147 983 2232 Stutqiet,
1014 2149 1134 2212 faniam

195 2236 363 2316 quodvis.
410 2237 631 2301 Divinandum
653 2238 707 2299 hio
730 2244 787 2301 est.
833 2239 902 2300 Rex
924 2240 1025 2301 Assur
1042 2257 1131 2302 voea-

195 2332 248 2388 tur
274 2345 331 2388 rex
359 2325 452 2388 Iareb
481 2326 532 2390 vel
562 2346 582 2388 u
608 2326 736 2389 civitate
765 2328 817 2391 vel
844 2327 908 2388 ario
937 2332 996 2390 ete.
1042 2327 1134 2390 Misit

194 2413 316 2494 legatos
337 2434 397 2495 pro
426 2414 546 2478 auxilio
570 2420 628 2478 eto.
675 2415 733 2478 ubi
762 2435 821 2478 nos
852 2416 999 2479 ultorem.
1037 2436 1069 2496 q.
1098 2416 1130 2478 d.

196 2504 239 2566 Et
260 2503 330 2586 ipse
352 2509 411 2566 eto.
459 2505 527 2584 Ego
551 2503 717 2567 comodum
740 2510 773 2569 et
795 2524 985 2568 consumam
1000 2523 1133 2570 vos-neo

195 2591 340 2656 sentietis
363 2591 520 2656 auxilimn
542 2597 601 2656 eto.

524 2751 686 2826 Quoniam
709 2745 796 2832 ego.³

284 2879 315 2937 q.
340 2857 388 2920 d.:
413 2877 486 2920 mea
508 2862 557 2920 est
576 2878 692 2940 poena,
717 2857 775 2938 qui
797 2859 876 2921 alias
891 2858 980 2922 mitis
995 2859 1133 2923 salvator

195 2951 228 3010 et
249 2945 438 3022 misericors,
462 2947 553 3010 vobis
577 2966 651 3009 sum
672 2947 784 3009 leaena
806 2953 839 3010 et
864 2948 989 3010 catulus
1017 2947 1131 3024 leonis,

196 3055 270 3097 eum
285 3035 418 3117 ‘impetu
441 3054 568 3098 sumam
592 3034 631 3097 de
654 3035 745 3099 vobis
768 3035 974 3116 supplicium.

498 3196 576 3276 Ego,
601 3215 660 3276 ego
684 3194 820 3276 capiam.

285 3300 330 3363 sio
353 3299 388 3362 in
410 3295 601 3386 heb[raioo]:
626 3301 782 3382 repetitur
804 3321 871 3383 ego.
952 3340 954 3343 .

493 3457 629 3524 'Vadens
651 3454 838 3538 revertar&

194 3564 315 3629 idest:
351 3566 518 3630 vobiscum
546 3566 609 3644 fui,
638 3566 812 3650 prophetas
840 3587 931 3632 meos
960 3569 1131 3649 habuistis,

285 3756 311 3826 1)
320 3775 347 3814 v.
361 3758 403 3814 12.
426 3757 454 3826 a)
465 3759 571 3828 napa
579 3759 627 3815 τοι.
638 3757 847 3816 nsausot.
872 3759 935 3828 ov.
947 3757 988 3812 14.
1012 3757 1041 3826 4)
1050 3776 1077 3813 v.
1088 3758 1132 3814 15.
