2575 4225
479 278 578 340 Ossae
600 281 785 362 prophetae.
1037 281 1099 344 117

162 460 259 533 atque
283 453 363 516 adeo
386 459 488 517 totam
511 475 724 536 synagogam,
760 455 820 523 tole
849 455 957 540 proflat
983 457 1099 539 boulen:

162 541 285 605 Galaad
309 543 450 625 appellat
472 545 533 606 sub
556 546 688 607 nomine
703 545 802 622 urbis,
827 546 914 626 quod
929 566 995 608 non
1010 546 1100 626 digni

162 631 227 693 sint
249 632 382 693 nomine
404 632 553 711 regionis.
816 699 819 704 ,

458 755 615 819 Insidiata
637 758 797 837 sanguini.

248 885 299 926 vrr
328 862 486 943 propheta
519 863 596 925 huic
631 864 754 926 civitati
788 865 876 944 quod
910 866 1100 946 sanguinem

213 950 343 1026 fuderit,
360 949 468 1027 idest,
485 951 742 1032 supplantatura
760 953 925 1033 sanguine,
945 961 977 1017 et
992 975 1045 1016 roa
1064 955 1101 1034 fit

160 1039 329 1118 sanguinis
354 1038 427 1102 fusi.

429 1163 591 1244 Partioeps
615 1164 827 1228 sacerdotum.

194 1292 361 1334 lonnnorrs
383 1270 419 1332 in
441 1271 553 1332 Bethel
575 1277 643 1334 tam
667 1273 839 1336 obstabant
854 1272 924 1350 deo,
949 1278 986 1334 ut
1001 1273 1099 1334 etiarn

215 1359 392 1439 pergebant
405 1359 589 1421 latrocinari
603 1359 638 1421 in
654 1360 707 1423 via
722 1381 803 1442 quae
825 1361 915 1424 ducit
938 1381 957 1423 a
972 1361 1099 1424 Sichem

160 1445 202 1508 ad
235 1446 450 1523 Hierusalem,
485 1454 523 1511 ut
557 1447 677 1511 scilicet
710 1450 905 1532 impedirent
938 1469 1005 1525 eos,
1042 1451 1099 1530 qui

159 1536 338 1616 pergebant
372 1537 484 1598 offerre
518 1536 553 1597 in
588 1536 685 1600 domo
720 1538 853 1601 domini.
900 1539 1003 1602 Locus
1037 1539 1098 1601 istc

157 1629 243 1686 reete
267 1623 458 1704 intelligitur
481 1624 520 1686 de
544 1625 743 1703 Christiania,
768 1647 849 1708 quos
864 1627 1100 1709 prohibuerunt

159 1711 338 1775 sacerdotes
361 1713 555 1775 Iudaeorum
578 1734 598 1774 a
620 1714 873 1792 Christianismo,
898 1721 995 1796 atque
1018 1716 1099 1778 adeo

159 1800 327 1882 suppliciis
356 1802 397 1863 ab
425 1821 463 1864 eo
493 1801 705 1866 deterrebant.
758 1805 800 1866 Et
827 1810 875 1867 est
909 1803 1096 1867 similitudo.

158 1889 441 1962 Quemadmodum
474 1891 508 1951 in
531 1891 659 1953 Siohem
685 1893 929 1968 latrocinantur,
965 1892 1010 1954 ita
1044 1892 1098 1954 hio

157 1977 333 2058 prohibent
354 1998 527 2041 accessum.

349 2122 470 2184 Fauces
493 2122 635 2185 virorum
657 2123 708 2187 vel
730 2123 900 2185 latronum.

156 2218 385 2336 Hraaiunvs·¹
405 2228 508 2330 legit,
539 2229 648 2331 fauce-s
678 2228 829 2306 militum,
859 2230 910 2295 vel
939 2230 1095 2311 peditum,

230 2320 264 2377 et
293 2322 369 2378 sunt
403 2316 451 2377 rlh
485 2317 541 2397 qui
575 2324 729 2380 resrstunt
763 2319 936 2399 evangelio,
972 2319 1097 2381 fortiter

155 2403 290 2484 capiunt
313 2412 345 2466 et
367 2404 508 2485 perdunt
530 2405 736 2469 Christianos.

455 2546 517 2609 Sed
541 2553 573 2609 et
595 2547 677 2609 Iuda
699 2568 792 2629 pone.

194 2670 322 2721 oovrrur
346 2652 385 2714 de
400 2652 586 2716 reductione
601 2654 714 2735 populi
729 2675 795 2717 non
814 2674 831 2716 e
847 2654 975 2735 Syriaca
990 2675 1095 2735 neque

215 2740 423 2821 Babylonios,
448 2763 553 2822 neque
576 2744 722 2806 Romana
744 2744 943 2826 captivitate,
976 2744 1031 2806 sed
1055 2744 1095 2806 de

155 2829 316 2911 spirituali
339 2849 404 2910 qua
426 2832 512 2911 capti
534 2830 627 2894 idolis
643 2838 676 2895 et
695 2832 883 2895 ceremoniis
904 2832 1094 2909 serviebant,

153 2924 193 2981 nt
215 2919 258 2981 sit
281 2918 455 2981 sententia:
484 2920 573 2982 Licet
594 2922 690 2983 multi
703 2922 843 2983 latrones
862 2921 1039 3001 prohibeat,
1063 2927 1096 2983 et
1142 2957 1146 2968 ι

154 3006 303 3086 undique
326 3008 380 3070 via
402 3008 533 3071 obsessa
555 3009 606 3085 sit,
632 3009 843 3071 nihilominus
859 3008 987 3087 colliges
1011 3014 1094 3070 exte·

153 3116 206 3159 ros
244 3096 398 3177 populos,
442 3102 475 3158 et
512 3116 578 3159 una
615 3098 848 3173 liberabimini,
888 3097 1095 3176 quantumvis

154 3190 340 3265 repugnent
361 3185 500 3247 latrones
522 3186 559 3246 in
581 3186 719 3248 Siohem.

501 3356 647 3426 olrvu
671 3356 752 3426 VII.

178 3492 197 3533 n
224 3493 284 3534 noo
314 3467 419 3549 capite
441 3468 568 3531 videtur
591 3470 748 3550 propheta
775 3471 931 3551 corripere
961 3468 1093 3548 pseudo·

202 3557 389 3639 prophetas,
406 3556 463 3636 qui
479 3558 635 3638 populum
652 3560 717 3620 iam
734 3577 923 3622 conversum
939 3557 979 3619 ad
996 3557 1093 3619 deum

170 3680 372 3690 -μ

244 3730 271 3798 1)
290 3731 398 3795 Legae:
417 3730 574 3785 Hebraeus.
