2575 4225
456 268 582 351 Hoseae
604 268 788 350 prophetae.
1028 268 1091 335 307

12 490 13 526 ;
151 446 317 510 sacrificiis
345 445 467 510 vestris.
514 447 598 509 Nam
626 446 732 511 cultus
759 445 918 511 idolatriei
950 450 1091 531 suseepti

12 581 31 604 „
151 536 194 597 ad
206 534 412 601 avertendam
423 524 579 613 iram‘dei,
593 535 693 599 deum
703 535 949 617 magisirritant.
974 535 1090 618 Siepa·

12 617 13 638 ¹
342 625 445 706 pistae
468 623 564 687 hodie
587 644 663 689 eum
686 625 803 703 missis,
828 645 900 708 eup-

387 713 633 796 phanonibus,
670 718 854 777 sanctorum

400 803 499 879 cultu,
512 802 601 865 aliud
612 802 697 865 nihil
708 803 842 881 faciunt,

410 910 509 971 quam
531 897 569 953 ut
590 897 755 955 maturent
770 892 833 955 sibi

432 980 608 1046 interitum.
655 980 720 1043 Hie
742 979 807 1043 ido·

475 1069 587 1133 latriae
610 1069 686 1133 finis
709 1074 766 1133 est.

598 1516 638 1579 V.

241 1638 354 1702 vdite
376 1638 452 1701 hoo
469 1638 709 1716 sacerdotes,
734 1640 936 1704 attendite
952 1639 1088 1704 domus

268 1726 407 1803 Israel,
443 1734 482 1791 et
515 1727 654 1790 domus
692 1729 799 1808 regis
838 1729 1085 1805 auscultate,

192 1817 379 1895 qnoniam
408 1814 454 1878 de
477 1816 596 1880 vobis
626 1815 827 1880 iudicium
856 1818 950 1895 fiet,
982 1819 1087 1896 quod

192 1906 292 1968 estis
319 1905 492 1986 laqueus
521 1906 563 1968 in
590 1906 738 1986 Mizpa‚
770 1911 809 1969 et
838 1912 922 1969 rete
951 1912 1087 1969 exten·

192 2013 279 2056 eum
302 1994 345 2055 in
367 1994 537 2057 Thabor,

152 2166 296 2281 ¹Hsbet
316 2172 379 2235 hoe
405 2192 534 2252 qnoque
562 2179 660 2254 eaput
686 2173 968 2255 reprehensionem
991 2174 1087 2237 idola-

22 2259 25 2264 ’
240 2261 330 2338 triae,
354 2268 387 2324 et
401 2261 547 2325 additam
562 2262 849 2325 comminationem
864 2269 966 2326 certae
986 2269 1086 2327 vasta-

146 2351 252 2413 tionis.
298 2350 388 2412 Nihil
409 2351 498 2414 enim
520 2351 600 2414 deus
622 2353 732 2415 minus
751 2351 832 2414 ferre
847 2357 962 2433 potest,
987 2371 1086 2431 quem

146 2445 368 2521 contemptum
396 2439 448 2502 sui
481 2440 584 2516 verbi,
619 2441 678 2519 qui
711 2445 886 2522 perpetuus
920 2439 1086 2502 idolatriae

145 2548 252 2592 eomes
272 2535 332 2593 est.
380 2527 465 2600 Quia
487 2528 575 2590 enim
597 2528 732 2591 verbum
755 2527 897 2590 ostendit
915 2547 1024 2591 veram
1039 2548 1084 2590 ra·

144 2618 267 2680 tionem
290 2616 416 2679 nolendi
438 2616 506 2694 dei,
536 2617 691 2680 idolatrae
714 2613 858 2696 neglecto
886 2616 1000 2692 verbo,
1028 2617 1085 2678 fin·

145 2713 226 2786 gunt
247 2706 313 2786 ipsi
335 2705 397 2768 sibi
420 2706 565 2783 modum,
590 2726 655 2786 quo
678 2706 778 2768 deum
800 2705 915 2770 colant.
976 2745 985 2757 κ

234 2794 335 2857 Donet
357 2801 466 2857 autem
494 2795 645 2858 universa
675 2797 849 2877 scriptura,
879 2801 917 2858 ut
942 2794 1085 2875 primum

17 2898 21 2904 ·
145 2883 379 2966 amplectamur
401 2884 504 2946 filium
527 2883 595 2960 dei,
620 2884 677 2963 qui
700 2885 804 2946 faetus
827 2889 877 2946 est
897 2883 1005 2946 hostia
1026 2903 1084 2964 pro

144 2972 285 3054 peccatis
308 2971 448 3035 nostris·
481 2972 622 3049 Deinde,
652 2978 690 3034 ut
712 2976 910 3054 praestemus
940 2970 1085 3034 debitam

144 3061 363 3125 obedientiam
391 3060 466 3137 deo,
497 3060 539 3123 ad
569 3081 670 3141 quam
696 3081 755 3125 nos
783 3064 877 3124 vooat
904 3059 1083 3138 decalogus.

145 3151 207 3212 Sed
236 3149 316 3230 quid
344 3150 403 3213 fit?
447 3151 520 3212 Hoc
548 3170 623 3214 vero
655 3151 743 3213 cultu
777 3148 938 3228 neglecto,
972 3148 1085 3210 Iudaei

145 3239 365 3315 somniabant,
396 3238 456 3301 etsi
478 3238 683 3319 indulgerent
705 3238 858 3320 peccatis,
890 3257 923 3300 se
953 3256 1010 3318 per
1038 3257 1084 3298 sa-

145 3327 264 3390 erifieia
304 3347 363 3389 sua
399 3327 566 3390 habituros
604 3327 825 3390 remissionem
869 3330 1082 3409 peecatorum.
1138 3380 1148 3386 .

151 3415 195 3478 iio
218 3415 306 3499 apud
329 3436 389 3479 nos
411 3417 589 3479 monachus
613 3436 734 3480 novum
756 3436 858 3496 genus
880 3415 965 3478 vitae
983 3413 1082 3492 eligit,

151 3504 280 3581 'eiunat,
310 3505 437 3584 vigilat,
466 3513 551 3582 orat,
583 3505 678 3570 vestit
699 3527 783 3571 novo
805 3503 916 3580 modo,
946 3501 1085 3566 celebrat

234 3680 261 3748 1)
279 3678 417 3734 Idolatria
441 3693 556 3746 semper
581 3694 647 3733 eum
670 3681 835 3748 contemptu
860 3683 890 3735 et
915 3677 981 3734 odio
1002 3676 1083 3734 verbi

171 3750 297 3806 minnota
314 3756 367 3806 est.

867 3838 921 3892 20*
