<?xml version="1.0" encoding="UTF-8"?>
<!DOCTYPE html PUBLIC "-//W3C//DTD XHTML 1.0 Transitional//EN"
    "http://www.w3.org/TR/xhtml1/DTD/xhtml1-transitional.dtd">
<html xmlns="http://www.w3.org/1999/xhtml" xml:lang="en" lang="en">
 <head>
  <title>
</title>
<meta http-equiv="Content-Type" content="text/html;charset=utf-8" />
  <meta name='ocr-system' content='tesseract 3.04.00' />
  <meta name='ocr-capabilities' content='ocr_page ocr_carea ocr_par ocr_line ocrx_word'/>
</head>
<body>
  <div class='ocr_page' id='page_1' title='image "./exegeticaoperal13luthgoog_0329.png"; bbox 0 0 2575 4225; ppageno 0'>
   <div class='ocr_carea' id='block_1_1' title="bbox 218 262 903 356">
    <p class='ocr_par' dir='ltr' id='par_1_1' title="bbox 218 262 903 356">
     <span class='ocr_line' id='line_1_1' title="bbox 218 262 903 356; baseline -0.001 -19"><span class='ocrx_word' id='word_1_1' title='bbox 218 276 281 339; x_wconf 84' lang='lat'>318</span> <span class='ocrx_word' id='word_1_2' title='bbox 548 274 654 356; x_wconf 81' lang='lat' dir='ltr'>Caput</span> <span class='ocrx_word' id='word_1_3' title='bbox 675 275 827 355; x_wconf 88' lang='lat' dir='ltr'>quintum</span> <span class='ocrx_word' id='word_1_4' title='bbox 898 262 903 272; x_wconf 64' lang='grc'><strong>’</strong></span> 
     </span>
    </p>
   </div>
   <div class='ocr_carea' id='block_1_2' title="bbox 216 450 1163 980">
    <p class='ocr_par' dir='ltr' id='par_1_2' title="bbox 216 450 1162 710">
     <span class='ocr_line' id='line_1_2' title="bbox 216 450 1162 537; baseline -0.001 -21"><span class='ocrx_word' id='word_1_5' title='bbox 216 454 376 537; x_wconf 87' lang='lat' dir='ltr'>appellare</span> <span class='ocrx_word' id='word_1_6' title='bbox 406 452 502 530; x_wconf 91' lang='lat' dir='ltr'>solet,</span> <span class='ocrx_word' id='word_1_7' title='bbox 533 474 599 515; x_wconf 92' lang='lat' dir='ltr'>non</span> <span class='ocrx_word' id='word_1_8' title='bbox 623 459 730 516; x_wconf 80' lang='lat' dir='ltr'>essent</span> <span class='ocrx_word' id='word_1_9' title='bbox 752 458 869 516; x_wconf 78' lang='lat' dir='ltr'><strong>tantae.</strong></span> <span class='ocrx_word' id='word_1_10' title='bbox 917 450 969 514; x_wconf 85' lang='lat' dir='ltr'>Sic</span> <span class='ocrx_word' id='word_1_11' title='bbox 995 452 1074 515; x_wconf 89' lang='lat' dir='ltr'>alias</span> <span class='ocrx_word' id='word_1_12' title='bbox 1097 459 1162 517; x_wconf 87' lang='lat' dir='ltr'>tra-</span> 
     </span>
     <span class='ocr_line' id='line_1_3' title="bbox 216 540 1161 624; baseline 0 -19"><span class='ocrx_word' id='word_1_13' title='bbox 216 543 355 606; x_wconf 81' lang='lat' dir='ltr'><strong>ditiones</strong></span> <span class='ocrx_word' id='word_1_14' title='bbox 378 562 444 605; x_wconf 91' lang='lat' dir='ltr'>nou</span> <span class='ocrx_word' id='word_1_15' title='bbox 466 542 681 604; x_wconf 88' lang='lat' dir='ltr'>defenderunt</span> <span class='ocrx_word' id='word_1_16' title='bbox 703 548 771 605; x_wconf 89' lang='lat' dir='ltr'>tam</span> <span class='ocrx_word' id='word_1_17' title='bbox 793 540 1014 624; x_wconf 73' lang='lat' dir='ltr'>pertinaciter,</span> <span class='ocrx_word' id='word_1_18' title='bbox 1040 542 1068 605; x_wconf 90' lang='lat' dir='ltr'>si</span> <span class='ocrx_word' id='word_1_19' title='bbox 1091 564 1161 605; x_wconf 86' lang='lat' dir='ltr'>non</span> 
     </span>
     <span class='ocr_line' id='line_1_4' title="bbox 216 630 804 710; baseline 0 -17"><span class='ocrx_word' id='word_1_20' title='bbox 216 651 257 693; x_wconf 88' lang='lat' dir='ltr'>ex</span> <span class='ocrx_word' id='word_1_21' title='bbox 279 630 326 693; x_wconf 84' lang='lat' dir='ltr'>iis.</span> <span class='ocrx_word' id='word_1_22' title='bbox 342 637 410 693; x_wconf 88' lang='lat' dir='ltr'>tam</span> <span class='ocrx_word' id='word_1_23' title='bbox 432 631 513 693; x_wconf 88' lang='lat' dir='ltr'>uber</span> <span class='ocrx_word' id='word_1_24' title='bbox 535 636 688 710; x_wconf 80' lang='lat' dir='ltr'>quaestus</span> <span class='ocrx_word' id='word_1_25' title='bbox 711 636 804 695; x_wconf 88' lang='lat' dir='ltr'>esset.</span> 
     </span>
    </p>

    <p class='ocr_par' dir='ltr' id='par_1_3' title="bbox 216 719 1163 980">
     <span class='ocr_line' id='line_1_5' title="bbox 305 719 1161 801; baseline 0.001 -19"><span class='ocrx_word' id='word_1_26' title='bbox 305 720 453 799; x_wconf 84' lang='lat' dir='ltr'>Regnum</span> <span class='ocrx_word' id='word_1_27' title='bbox 483 720 581 799; x_wconf 88' lang='lat' dir='ltr'>igitur</span> <span class='ocrx_word' id='word_1_28' title='bbox 608 720 690 783; x_wconf 90' lang='lat' dir='ltr'>Iuda</span> <span class='ocrx_word' id='word_1_29' title='bbox 724 725 797 801; x_wconf 88' lang='lat' dir='ltr'>post</span> <span class='ocrx_word' id='word_1_30' title='bbox 825 719 1039 783; x_wconf 89' lang='lat' dir='ltr'>defectionem</span> <span class='ocrx_word' id='word_1_31' title='bbox 1066 722 1161 801; x_wconf 87' lang='lat' dir='ltr'>regni</span> 
     </span>
     <span class='ocr_line' id='line_1_6' title="bbox 216 808 1163 890; baseline 0.004 -20"><span class='ocrx_word' id='word_1_32' title='bbox 216 808 314 871; x_wconf 89' lang='lat' dir='ltr'>Israel</span> <span class='ocrx_word' id='word_1_33' title='bbox 336 808 525 889; x_wconf 85' lang='lat' dir='ltr'>aliquandiu</span> <span class='ocrx_word' id='word_1_34' title='bbox 547 821 663 890; x_wconf 89' lang='lat' dir='ltr'>puram</span> <span class='ocrx_word' id='word_1_35' title='bbox 686 808 866 872; x_wconf 81' lang='lat' dir='ltr'>doctrinam</span> <span class='ocrx_word' id='word_1_36' title='bbox 889 814 922 871; x_wconf 87' lang='lat' dir='ltr'>et</span> <span class='ocrx_word' id='word_1_37' title='bbox 940 811 1044 878; x_wconf 86' lang='lat' dir='ltr'>cultus</span> <span class='ocrx_word' id='word_1_38' title='bbox 1067 830 1163 875; x_wconf 86' lang='lat' dir='ltr'>veros</span> 
     </span>
     <span class='ocr_line' id='line_1_7' title="bbox 217 897 1161 980; baseline 0.003 -21"><span class='ocrx_word' id='word_1_39' title='bbox 217 897 366 975; x_wconf 87' lang='lat' dir='ltr'>retinuit,</span> <span class='ocrx_word' id='word_1_40' title='bbox 397 898 455 960; x_wconf 90' lang='lat' dir='ltr'>sed</span> <span class='ocrx_word' id='word_1_41' title='bbox 476 897 608 961; x_wconf 89' lang='lat' dir='ltr'>tandem</span> <span class='ocrx_word' id='word_1_42' title='bbox 632 898 780 979; x_wconf 85' lang='lat' dir='ltr'>exemplo</span> <span class='ocrx_word' id='word_1_43' title='bbox 804 898 930 980; x_wconf 89' lang='lat' dir='ltr'>decepti</span> <span class='ocrx_word' id='word_1_44' title='bbox 958 904 989 961; x_wconf 89' lang='lat' dir='ltr'>ct</span> <span class='ocrx_word' id='word_1_45' title='bbox 1011 898 1161 977; x_wconf 87' lang='lat' dir='ltr'>inescati,</span> 
     </span>
    </p>
   </div>
   <div class='ocr_carea' id='block_1_3' title="bbox 216 986 1283 1069">
    <p class='ocr_par' dir='ltr' id='par_1_4' title="bbox 216 986 1283 1069">
     <span class='ocr_line' id='line_1_8' title="bbox 216 986 1283 1069; baseline 0.003 -21"><span class='ocrx_word' id='word_1_46' title='bbox 216 986 360 1049; x_wconf 85' lang='lat' dir='ltr'>uberiore</span> <span class='ocrx_word' id='word_1_47' title='bbox 383 993 520 1067; x_wconf 87' lang='lat' dir='ltr'>quaestu</span> <span class='ocrx_word' id='word_1_48' title='bbox 542 987 721 1050; x_wconf 81' lang='lat' dir='ltr'>sacerdotes</span> <span class='ocrx_word' id='word_1_49' title='bbox 744 986 835 1063; x_wconf 91' lang='lat' dir='ltr'>Iuda,</span> <span class='ocrx_word' id='word_1_50' title='bbox 860 992 892 1049; x_wconf 93' lang='lat' dir='ltr'>et</span> <span class='ocrx_word' id='word_1_51' title='bbox 909 986 1071 1068; x_wconf 87' lang='lat' dir='ltr'>principes</span> <span class='ocrx_word' id='word_1_52' title='bbox 1094 988 1160 1069; x_wconf 87' lang='lat' dir='ltr'>ipsi</span> <span class='ocrx_word' id='word_1_53' title='bbox 1280 991 1283 1000; x_wconf 92' lang='lat'>&#39;</span> 
     </span>
    </p>
   </div>
   <div class='ocr_carea' id='block_1_4' title="bbox 217 1075 1161 1161">
    <p class='ocr_par' dir='ltr' id='par_1_5' title="bbox 217 1075 1161 1161">
     <span class='ocr_line' id='line_1_9' title="bbox 217 1075 1161 1161; baseline 0.003 -24"><span class='ocrx_word' id='word_1_54' title='bbox 217 1096 345 1155; x_wconf 92' lang='lat' dir='ltr'>quoque</span> <span class='ocrx_word' id='word_1_55' title='bbox 368 1075 550 1139; x_wconf 89' lang='lat' dir='ltr'>idolatriam</span> <span class='ocrx_word' id='word_1_56' title='bbox 566 1076 708 1161; x_wconf 84' lang='lat' dir='ltr'>amplexi</span> <span class='ocrx_word' id='word_1_57' title='bbox 730 1081 815 1139; x_wconf 87' lang='lat' dir='ltr'>sunt.</span> <span class='ocrx_word' id='word_1_58' title='bbox 863 1075 952 1139; x_wconf 85' lang='lat' dir='ltr'>Sicut</span> <span class='ocrx_word' id='word_1_59' title='bbox 967 1082 1075 1139; x_wconf 90' lang='lat' dir='ltr'>autem</span> <span class='ocrx_word' id='word_1_60' title='bbox 1098 1083 1161 1140; x_wconf 87' lang='lat' dir='ltr'>ter·</span> 
     </span>
    </p>
   </div>
   <div class='ocr_carea' id='block_1_5' title="bbox 216 1150 1285 1245">
    <p class='ocr_par' dir='ltr' id='par_1_6' title="bbox 216 1150 1285 1245">
     <span class='ocr_line' id='line_1_10' title="bbox 216 1150 1285 1245; baseline 0.002 -19"><span class='ocrx_word' id='word_1_61' title='bbox 216 1164 323 1227; x_wconf 90' lang='lat' dir='ltr'>minos</span> <span class='ocrx_word' id='word_1_62' title='bbox 346 1184 442 1228; x_wconf 90' lang='lat' dir='ltr'>nemo</span> <span class='ocrx_word' id='word_1_63' title='bbox 465 1166 534 1228; x_wconf 89' lang='lat' dir='ltr'>sine</span> <span class='ocrx_word' id='word_1_64' title='bbox 557 1171 687 1245; x_wconf 90' lang='lat' dir='ltr'>peccato</span> <span class='ocrx_word' id='word_1_65' title='bbox 703 1165 863 1241; x_wconf 83' lang='lat' dir='ltr'>transfert,</span> <span class='ocrx_word' id='word_1_66' title='bbox 888 1165 934 1227; x_wconf 85' lang='lat' dir='ltr'>ita</span> <span class='ocrx_word' id='word_1_67' title='bbox 956 1184 1084 1245; x_wconf 89' lang='lat' dir='ltr'>quoque</span> <span class='ocrx_word' id='word_1_68' title='bbox 1109 1187 1161 1229; x_wconf 85' lang='lat' dir='ltr'>ve·</span> <span class='ocrx_word' id='word_1_69' title='bbox 1283 1150 1285 1175; x_wconf 76' lang='lat'><em>³</em></span> 
     </span>
    </p>
   </div>
   <div class='ocr_carea' id='block_1_6' title="bbox 214 1253 1164 1959">
    <p class='ocr_par' dir='ltr' id='par_1_7' title="bbox 214 1253 1164 1959">
     <span class='ocr_line' id='line_1_11' title="bbox 217 1253 1160 1335; baseline 0.002 -20"><span class='ocrx_word' id='word_1_70' title='bbox 217 1254 293 1316; x_wconf 90' lang='lat' dir='ltr'>teris</span> <span class='ocrx_word' id='word_1_71' title='bbox 320 1260 353 1317; x_wconf 86' lang='lat' dir='ltr'>et</span> <span class='ocrx_word' id='word_1_72' title='bbox 387 1274 479 1318; x_wconf 90' lang='lat' dir='ltr'>verae</span> <span class='ocrx_word' id='word_1_73' title='bbox 507 1254 670 1334; x_wconf 82' lang='lat' dir='ltr'>religionis</span> <span class='ocrx_word' id='word_1_74' title='bbox 700 1254 879 1335; x_wconf 88' lang='lat' dir='ltr'>corruptela</span> <span class='ocrx_word' id='word_1_75' title='bbox 910 1258 942 1315; x_wconf 91' lang='lat' dir='ltr'>et</span> <span class='ocrx_word' id='word_1_76' title='bbox 971 1253 1160 1333; x_wconf 84' lang='lat' dir='ltr'>depravatio</span> 
     </span>
     <span class='ocr_line' id='line_1_12' title="bbox 217 1342 1162 1423; baseline 0.003 -20"><span class='ocrx_word' id='word_1_77' title='bbox 217 1349 336 1404; x_wconf 91' lang='lat' dir='ltr'>certam</span> <span class='ocrx_word' id='word_1_78' title='bbox 367 1361 506 1423; x_wconf 90' lang='lat' dir='ltr'>poenam</span> <span class='ocrx_word' id='word_1_79' title='bbox 529 1344 629 1406; x_wconf 86' lang='lat' dir='ltr'>affert.</span> <span class='ocrx_word' id='word_1_80' title='bbox 676 1342 752 1405; x_wconf 91' lang='lat' dir='ltr'>Ideo</span> <span class='ocrx_word' id='word_1_81' title='bbox 782 1344 926 1406; x_wconf 89' lang='lat' dir='ltr'>minatur</span> <span class='ocrx_word' id='word_1_82' title='bbox 948 1343 1100 1406; x_wconf 90' lang='lat' dir='ltr'>dominus</span> <span class='ocrx_word' id='word_1_83' title='bbox 1124 1364 1162 1406; x_wconf 87' lang='lat' dir='ltr'>se</span> 
     </span>
     <span class='ocr_line' id='line_1_13' title="bbox 216 1431 1164 1513; baseline 0.003 -22"><span class='ocrx_word' id='word_1_84' title='bbox 216 1431 297 1491; x_wconf 87' lang='lat' dir='ltr'>iram</span> <span class='ocrx_word' id='word_1_85' title='bbox 320 1450 427 1507; x_wconf 88' lang='lat' dir='ltr'>suam,</span> <span class='ocrx_word' id='word_1_86' title='bbox 452 1432 535 1495; x_wconf 88' lang='lat' dir='ltr'>sicut</span> <span class='ocrx_word' id='word_1_87' title='bbox 557 1452 693 1511; x_wconf 91' lang='lat' dir='ltr'>aquam,</span> <span class='ocrx_word' id='word_1_88' title='bbox 718 1433 905 1495; x_wconf 85' lang='lat' dir='ltr'>effusurum.</span> <span class='ocrx_word' id='word_1_89' title='bbox 950 1434 1045 1513; x_wconf 87' lang='lat' dir='ltr'>Aqua</span> <span class='ocrx_word' id='word_1_90' title='bbox 1068 1434 1164 1511; x_wconf 91' lang='lat' dir='ltr'>enim</span> 
     </span>
     <span class='ocr_line' id='line_1_14' title="bbox 215 1520 1158 1602; baseline 0.005 -23"><span class='ocrx_word' id='word_1_91' title='bbox 215 1540 281 1580; x_wconf 90' lang='lat' dir='ltr'>non</span> <span class='ocrx_word' id='word_1_92' title='bbox 309 1520 413 1581; x_wconf 89' lang='lat' dir='ltr'>solum</span> <span class='ocrx_word' id='word_1_93' title='bbox 446 1526 535 1584; x_wconf 89' lang='lat' dir='ltr'>recto</span> <span class='ocrx_word' id='word_1_94' title='bbox 565 1541 661 1584; x_wconf 80' lang='lat' dir='ltr'>cinsu</span> <span class='ocrx_word' id='word_1_95' title='bbox 690 1540 765 1583; x_wconf 91' lang='lat' dir='ltr'>cum</span> <span class='ocrx_word' id='word_1_96' title='bbox 793 1521 920 1602; x_wconf 91' lang='lat' dir='ltr'>impetu</span> <span class='ocrx_word' id='word_1_97' title='bbox 946 1520 1061 1598; x_wconf 84' lang='lat' dir='ltr'>fertur,</span> <span class='ocrx_word' id='word_1_98' title='bbox 1100 1521 1158 1584; x_wconf 92' lang='lat' dir='ltr'>sed</span> 
     </span>
     <span class='ocr_line' id='line_1_15' title="bbox 215 1605 1158 1689; baseline 0.004 -20"><span class='ocrx_word' id='word_1_99' title='bbox 215 1607 315 1670; x_wconf 89' lang='lat' dir='ltr'>etiam</span> <span class='ocrx_word' id='word_1_100' title='bbox 341 1605 534 1672; x_wconf 85' lang='lat' dir='ltr'>diffunditur</span> <span class='ocrx_word' id='word_1_101' title='bbox 568 1609 720 1689; x_wconf 89' lang='lat' dir='ltr'>utrinque</span> <span class='ocrx_word' id='word_1_102' title='bbox 750 1610 786 1671; x_wconf 91' lang='lat' dir='ltr'>in</span> <span class='ocrx_word' id='word_1_103' title='bbox 811 1610 920 1672; x_wconf 89' lang='lat' dir='ltr'>latera.</span> <span class='ocrx_word' id='word_1_104' title='bbox 972 1610 1022 1673; x_wconf 90' lang='lat' dir='ltr'>Ita</span> <span class='ocrx_word' id='word_1_105' title='bbox 1055 1610 1158 1673; x_wconf 90' lang='lat' dir='ltr'>mina·</span> 
     </span>
     <span class='ocr_line' id='line_1_16' title="bbox 215 1693 1162 1779; baseline 0.003 -20"><span class='ocrx_word' id='word_1_106' title='bbox 215 1702 267 1759; x_wconf 91' lang='lat' dir='ltr'>tur</span> <span class='ocrx_word' id='word_1_107' title='bbox 296 1696 378 1758; x_wconf 88' lang='lat' dir='ltr'>iram</span> <span class='ocrx_word' id='word_1_108' title='bbox 400 1693 494 1760; x_wconf 89' lang='lat' dir='ltr'>sua&#39;m</span> <span class='ocrx_word' id='word_1_109' title='bbox 516 1704 731 1779; x_wconf 81' lang='lat' dir='ltr'>grassaturam</span> <span class='ocrx_word' id='word_1_110' title='bbox 760 1698 929 1775; x_wconf 86' lang='lat' dir='ltr'>dominus,</span> <span class='ocrx_word' id='word_1_111' title='bbox 961 1704 993 1761; x_wconf 87' lang='lat' dir='ltr'>et</span> <span class='ocrx_word' id='word_1_112' title='bbox 1016 1699 1162 1762; x_wconf 85' lang='lat' dir='ltr'>ostendit</span> 
     </span>
     <span class='ocr_line' id='line_1_17' title="bbox 214 1785 1160 1869; baseline 0.004 -23"><span class='ocrx_word' id='word_1_113' title='bbox 214 1785 365 1863; x_wconf 87' lang='lat' dir='ltr'>historia,</span> <span class='ocrx_word' id='word_1_114' title='bbox 408 1788 570 1867; x_wconf 90' lang='lat' dir='ltr'>quomodo</span> <span class='ocrx_word' id='word_1_115' title='bbox 600 1787 756 1850; x_wconf 85' lang='lat' dir='ltr'>Sanherib</span> <span class='ocrx_word' id='word_1_116' title='bbox 789 1807 925 1867; x_wconf 88' lang='lat' dir='ltr'>regnum</span> <span class='ocrx_word' id='word_1_117' title='bbox 953 1786 1035 1850; x_wconf 92' lang='lat' dir='ltr'>Iuda</span> <span class='ocrx_word' id='word_1_118' title='bbox 1061 1788 1160 1869; x_wconf 86' lang='lat' dir='ltr'>longe</span> 
     </span>
     <span class='ocr_line' id='line_1_18' title="bbox 214 1874 1019 1959; baseline 0.004 -24"><span class='ocrx_word' id='word_1_119' title='bbox 214 1874 342 1955; x_wconf 89' lang='lat' dir='ltr'>lateque</span> <span class='ocrx_word' id='word_1_120' title='bbox 363 1895 467 1958; x_wconf 89' lang='lat' dir='ltr'>usqne</span> <span class='ocrx_word' id='word_1_121' title='bbox 490 1876 532 1939; x_wconf 88' lang='lat' dir='ltr'>ad</span> <span class='ocrx_word' id='word_1_122' title='bbox 554 1877 660 1959; x_wconf 88' lang='lat' dir='ltr'>ipsam</span> <span class='ocrx_word' id='word_1_123' title='bbox 683 1876 857 1940; x_wconf 89' lang='lat' dir='ltr'>Ierusalem</span> <span class='ocrx_word' id='word_1_124' title='bbox 879 1876 1019 1941; x_wconf 78' lang='lat' dir='ltr'>vastarit.</span> 
     </span>
    </p>
   </div>
   <div class='ocr_carea' id='block_1_7' title="bbox 258 2048 1285 2169">
    <p class='ocr_par' dir='ltr' id='par_1_8' title="bbox 258 2048 1285 2169">
     <span class='ocr_line' id='line_1_19' title="bbox 258 2048 1285 2169; baseline -0.003 -52"><span class='ocrx_word' id='word_1_125' title='bbox 258 2056 463 2169; x_wconf 74' lang='lat' dir='ltr'>Erhraim</span> <span class='ocrx_word' id='word_1_126' title='bbox 484 2055 563 2120; x_wconf 84' lang='lat' dir='ltr'>vim</span> <span class='ocrx_word' id='word_1_127' title='bbox 585 2054 764 2139; x_wconf 86' lang='lat' dir='ltr'>patitur,</span> <span class='ocrx_word' id='word_1_128' title='bbox 787 2060 826 2118; x_wconf 88' lang='lat' dir='ltr'>et</span> <span class='ocrx_word' id='word_1_129' title='bbox 848 2052 1004 2118; x_wconf 84' lang='lat' dir='ltr'>iudicio</span> <span class='ocrx_word' id='word_1_130' title='bbox 1028 2059 1157 2120; x_wconf 90' lang='lat' dir='ltr'>conte·</span> <span class='ocrx_word' id='word_1_131' title='bbox 1283 2048 1285 2093; x_wconf 65' lang='grc' dir='ltr'>ἵ</span> 
     </span>
    </p>
   </div>
   <div class='ocr_carea' id='block_1_8' title="bbox 322 2143 1285 2254">
    <p class='ocr_par' dir='ltr' id='par_1_9' title="bbox 322 2143 1285 2254">
     <span class='ocr_line' id='line_1_20' title="bbox 322 2143 1285 2254; baseline -0.002 -46"><span class='ocrx_word' id='word_1_132' title='bbox 322 2147 437 2222; x_wconf 87' lang='lat' dir='ltr'>ritur,</span> <span class='ocrx_word' id='word_1_133' title='bbox 461 2165 504 2208; x_wconf 90' lang='lat' dir='ltr'>eo</span> <span class='ocrx_word' id='word_1_134' title='bbox 527 2145 630 2225; x_wconf 92' lang='lat' dir='ltr'>quod</span> <span class='ocrx_word' id='word_1_135' title='bbox 647 2150 809 2208; x_wconf 88' lang='lat' dir='ltr'>secutus</span> <span class='ocrx_word' id='word_1_136' title='bbox 833 2149 891 2206; x_wconf 88' lang='lat' dir='ltr'>est</span> <span class='ocrx_word' id='word_1_137' title='bbox 912 2143 1157 2207; x_wconf 89' lang='lat' dir='ltr'>mandatum.</span> <span class='ocrx_word' id='word_1_138' title='bbox 1219 2200 1226 2204; x_wconf 79' lang='grc'>.</span> <span class='ocrx_word' id='word_1_139' title='bbox 1283 2167 1285 2254; x_wconf 44' lang='grc' dir='ltr'>ἱ</span> 
     </span>
    </p>
   </div>
   <div class='ocr_carea' id='block_1_9' title="bbox 266 2325 1285 2424">
    <p class='ocr_par' dir='ltr' id='par_1_10' title="bbox 266 2303 1285 2424">
     <span class='ocr_line' id='line_1_21' title="bbox 266 2325 1285 2424; baseline -0.008 -19"><span class='ocrx_word' id='word_1_140' title='bbox 266 2360 321 2404; x_wconf 90' lang='lat' dir='ltr'>aec</span> <span class='ocrx_word' id='word_1_141' title='bbox 350 2340 390 2402; x_wconf 92' lang='lat' dir='ltr'>de</span> <span class='ocrx_word' id='word_1_142' title='bbox 413 2339 561 2404; x_wconf 88' lang='lat' dir='ltr'>vastitate</span> <span class='ocrx_word' id='word_1_143' title='bbox 585 2339 676 2420; x_wconf 88' lang='lat' dir='ltr'>regni</span> <span class='ocrx_word' id='word_1_144' title='bbox 699 2339 797 2402; x_wconf 89' lang='lat' dir='ltr'>Israel</span> <span class='ocrx_word' id='word_1_145' title='bbox 826 2339 1037 2420; x_wconf 87' lang='lat' dir='ltr'>accipiuntur,</span> <span class='ocrx_word' id='word_1_146' title='bbox 1068 2339 1157 2420; x_wconf 93' lang='lat' dir='ltr'>quod</span> <span class='ocrx_word' id='word_1_147' title='bbox 1283 2325 1285 2424; x_wconf 64' lang='lat'><em>]</em></span> 
     </span>
    </p>
   </div>
   <div class='ocr_carea' id='block_1_10' title="bbox 288 2427 1157 2510">
    <p class='ocr_par' dir='ltr' id='par_1_11' title="bbox 288 2427 1157 2510">
     <span class='ocr_line' id='line_1_22' title="bbox 288 2427 1157 2510; baseline -0.003 -17"><span class='ocrx_word' id='word_1_148' title='bbox 288 2429 415 2510; x_wconf 87' lang='lat' dir='ltr'>gravius</span> <span class='ocrx_word' id='word_1_149' title='bbox 457 2449 557 2510; x_wconf 91' lang='lat' dir='ltr'>quam</span> <span class='ocrx_word' id='word_1_150' title='bbox 601 2449 738 2509; x_wconf 88' lang='lat' dir='ltr'>regnum</span> <span class='ocrx_word' id='word_1_151' title='bbox 775 2427 857 2490; x_wconf 91' lang='lat' dir='ltr'>Iuda</span> <span class='ocrx_word' id='word_1_152' title='bbox 895 2428 1053 2491; x_wconf 88' lang='lat' dir='ltr'>afflictum</span> <span class='ocrx_word' id='word_1_153' title='bbox 1098 2435 1157 2493; x_wconf 84' lang='lat' dir='ltr'>est.</span> 
     </span>
    </p>
   </div>
   <div class='ocr_carea' id='block_1_11' title="bbox 213 2516 1285 2776">
    <p class='ocr_par' dir='ltr' id='par_1_12' title="bbox 213 2516 1285 2776">
     <span class='ocr_line' id='line_1_23' title="bbox 214 2516 1285 2599; baseline 0 -19"><span class='ocrx_word' id='word_1_154' title='bbox 214 2519 292 2581; x_wconf 92' lang='lat' dir='ltr'>Vim</span> <span class='ocrx_word' id='word_1_155' title='bbox 315 2519 424 2582; x_wconf 88' lang='lat' dir='ltr'>attulit</span> <span class='ocrx_word' id='word_1_156' title='bbox 445 2518 476 2582; x_wconf 91' lang='lat' dir='ltr'>ei</span> <span class='ocrx_word' id='word_1_157' title='bbox 497 2519 613 2595; x_wconf 89' lang='lat' dir='ltr'>hostis,</span> <span class='ocrx_word' id='word_1_158' title='bbox 637 2518 804 2599; x_wconf 85' lang='lat' dir='ltr'>Assyrius,</span> <span class='ocrx_word' id='word_1_159' title='bbox 829 2516 885 2580; x_wconf 90' lang='lat' dir='ltr'>sed</span> <span class='ocrx_word' id='word_1_160' title='bbox 908 2516 943 2579; x_wconf 93' lang='lat' dir='ltr'>id</span> <span class='ocrx_word' id='word_1_161' title='bbox 965 2517 1158 2597; x_wconf 88' lang='lat' dir='ltr'>neutiquam</span> <span class='ocrx_word' id='word_1_162' title='bbox 1284 2573 1285 2594; x_wconf 56' lang='lat'>,</span> 
     </span>
     <span class='ocr_line' id='line_1_24' title="bbox 214 2595 1285 2688; baseline 0 -18"><span class='ocrx_word' id='word_1_163' title='bbox 214 2609 380 2687; x_wconf 90' lang='lat' dir='ltr'>potuisset,</span> <span class='ocrx_word' id='word_1_164' title='bbox 404 2607 467 2669; x_wconf 91' lang='lat' dir='ltr'>nisi</span> <span class='ocrx_word' id='word_1_165' title='bbox 490 2606 615 2670; x_wconf 90' lang='lat' dir='ltr'>domini</span> <span class='ocrx_word' id='word_1_166' title='bbox 637 2607 757 2670; x_wconf 90' lang='lat' dir='ltr'>iudicio</span> <span class='ocrx_word' id='word_1_167' title='bbox 780 2606 869 2688; x_wconf 90' lang='lat' dir='ltr'>prius</span> <span class='ocrx_word' id='word_1_168' title='bbox 893 2612 977 2668; x_wconf 91' lang='lat' dir='ltr'>esset</span> <span class='ocrx_word' id='word_1_169' title='bbox 999 2607 1160 2670; x_wconf 84' lang='lat' dir='ltr'>contritus</span> <span class='ocrx_word' id='word_1_170' title='bbox 1283 2595 1285 2673; x_wconf 78' lang='lat' dir='ltr'>l</span> 
     </span>
     <span class='ocr_line' id='line_1_25' title="bbox 213 2691 1285 2776; baseline 0.003 -20"><span class='ocrx_word' id='word_1_171' title='bbox 213 2691 339 2757; x_wconf 86' lang='lat' dir='ltr'>Israel¹</span> <span class='ocrx_word' id='word_1_172' title='bbox 401 2695 566 2774; x_wconf 87' lang='lat' dir='ltr'>Significat</span> <span class='ocrx_word' id='word_1_173' title='bbox 600 2695 688 2757; x_wconf 90' lang='lat' dir='ltr'>enim</span> <span class='ocrx_word' id='word_1_174' title='bbox 726 2695 780 2757; x_wconf 92' lang='lat' dir='ltr'>hic</span> <span class='ocrx_word' id='word_1_175' title='bbox 813 2694 971 2757; x_wconf 91' lang='lat' dir='ltr'>iudicium</span> <span class='ocrx_word' id='word_1_176' title='bbox 1005 2715 1159 2776; x_wconf 84' lang='lat' dir='ltr'>poenam,</span> <span class='ocrx_word' id='word_1_177' title='bbox 1284 2695 1285 2704; x_wconf 74' lang='grc'>’</span> 
     </span>
    </p>
   </div>
   <div class='ocr_carea' id='block_1_12' title="bbox 212 2781 1161 3044">
    <p class='ocr_par' dir='ltr' id='par_1_13' title="bbox 212 2781 1161 3044">
     <span class='ocr_line' id='line_1_26' title="bbox 214 2781 1160 2864; baseline 0.002 -20"><span class='ocrx_word' id='word_1_178' title='bbox 214 2802 297 2863; x_wconf 89' lang='lat' dir='ltr'>quae</span> <span class='ocrx_word' id='word_1_179' title='bbox 330 2787 461 2864; x_wconf 90' lang='lat' dir='ltr'>propter</span> <span class='ocrx_word' id='word_1_180' title='bbox 493 2789 661 2862; x_wconf 91' lang='lat' dir='ltr'>peccatum</span> <span class='ocrx_word' id='word_1_181' title='bbox 695 2784 852 2864; x_wconf 91' lang='lat' dir='ltr'>irrogatur</span> <span class='ocrx_word' id='word_1_182' title='bbox 886 2802 905 2845; x_wconf 92' lang='lat' dir='ltr'>a</span> <span class='ocrx_word' id='word_1_183' title='bbox 938 2781 1053 2846; x_wconf 87' lang='lat' dir='ltr'>iudice.</span> <span class='ocrx_word' id='word_1_184' title='bbox 1115 2784 1160 2846; x_wconf 87' lang='lat' dir='ltr'>In</span> 
     </span>
     <span class='ocr_line' id='line_1_27' title="bbox 213 2871 1161 2952; baseline 0.001 -18"><span class='ocrx_word' id='word_1_185' title='bbox 213 2871 333 2935; x_wconf 91' lang='lat' dir='ltr'>iudicio</span> <span class='ocrx_word' id='word_1_186' title='bbox 356 2871 444 2935; x_wconf 91' lang='lat' dir='ltr'>enim</span> <span class='ocrx_word' id='word_1_187' title='bbox 467 2876 628 2952; x_wconf 85' lang='lat' dir='ltr'>utrunque</span> <span class='ocrx_word' id='word_1_188' title='bbox 657 2873 745 2936; x_wconf 87' lang='lat' dir='ltr'>solet.</span> <span class='ocrx_word' id='word_1_189' title='bbox 802 2872 985 2934; x_wconf 90' lang='lat' dir='ltr'>Puniuntur</span> <span class='ocrx_word' id='word_1_190' title='bbox 1007 2872 1094 2948; x_wconf 88' lang='lat' dir='ltr'>mali,</span> <span class='ocrx_word' id='word_1_191' title='bbox 1124 2879 1161 2936; x_wconf 90' lang='lat' dir='ltr'>et</span> 
     </span>
     <span class='ocr_line' id='line_1_28' title="bbox 212 2960 1159 3044; baseline -0.003 -19"><span class='ocrx_word' id='word_1_192' title='bbox 212 2961 417 3044; x_wconf 72' lang='lat' dir='ltr'>vindicantur</span> <span class='ocrx_word' id='word_1_193' title='bbox 445 2961 532 3024; x_wconf 92' lang='lat' dir='ltr'>boni.</span> <span class='ocrx_word' id='word_1_194' title='bbox 578 2961 655 3024; x_wconf 92' lang='lat' dir='ltr'>Ideo</span> <span class='ocrx_word' id='word_1_195' title='bbox 686 2961 798 3025; x_wconf 91' lang='lat' dir='ltr'>iudicii</span> <span class='ocrx_word' id='word_1_196' title='bbox 820 2960 1012 3024; x_wconf 88' lang='lat' dir='ltr'>vocabulum</span> <span class='ocrx_word' id='word_1_197' title='bbox 1035 2960 1159 3023; x_wconf 85' lang='lat' dir='ltr'>Ebraei</span> 
     </span>
    </p>
   </div>
   <div class='ocr_carea' id='block_1_13' title="bbox 213 3049 1285 3311">
    <p class='ocr_par' dir='ltr' id='par_1_14' title="bbox 213 3049 1285 3311">
     <span class='ocr_line' id='line_1_29' title="bbox 213 3049 1285 3140; baseline -0.001 -28"><span class='ocrx_word' id='word_1_198' title='bbox 213 3051 249 3113; x_wconf 92' lang='lat' dir='ltr'>in</span> <span class='ocrx_word' id='word_1_199' title='bbox 271 3058 431 3130; x_wconf 81' lang='lat' dir='ltr'>utrunque</span> <span class='ocrx_word' id='word_1_200' title='bbox 453 3056 580 3132; x_wconf 87' lang='lat' dir='ltr'>partem</span> <span class='ocrx_word' id='word_1_201' title='bbox 602 3049 774 3132; x_wconf 90' lang='lat' dir='ltr'>accipiunt.</span> <span class='ocrx_word' id='word_1_202' title='bbox 823 3049 912 3112; x_wconf 83' lang='lat' dir='ltr'>Sicut</span> <span class='ocrx_word' id='word_1_203' title='bbox 935 3054 1044 3111; x_wconf 90' lang='lat' dir='ltr'>autem</span> <span class='ocrx_word' id='word_1_204' title='bbox 1067 3049 1157 3130; x_wconf 87' lang='lat' dir='ltr'>prin-</span> <span class='ocrx_word' id='word_1_205' title='bbox 1284 3069 1285 3140; x_wconf 43' lang='grc' dir='ltr'>ᾗ</span> 
     </span>
     <span class='ocr_line' id='line_1_30' title="bbox 214 3137 1159 3225; baseline 0 -25"><span class='ocrx_word' id='word_1_206' title='bbox 214 3140 300 3221; x_wconf 87' lang='lat' dir='ltr'>cipes</span> <span class='ocrx_word' id='word_1_207' title='bbox 315 3140 398 3202; x_wconf 91' lang='lat' dir='ltr'>Iuda</span> <span class='ocrx_word' id='word_1_208' title='bbox 419 3139 580 3204; x_wconf 86' lang='lat' dir='ltr'>accusavit</span> <span class='ocrx_word' id='word_1_209' title='bbox 594 3139 635 3202; x_wconf 92' lang='lat' dir='ltr'>de</span> <span class='ocrx_word' id='word_1_210' title='bbox 658 3140 754 3203; x_wconf 88' lang='lat' dir='ltr'>motis</span> <span class='ocrx_word' id='word_1_211' title='bbox 778 3139 933 3225; x_wconf 80' lang='lat' dir='ltr'>terminis,</span> <span class='ocrx_word' id='word_1_212' title='bbox 957 3137 1004 3201; x_wconf 90' lang='lat' dir='ltr'>ita</span> <span class='ocrx_word' id='word_1_213' title='bbox 1018 3157 1159 3218; x_wconf 83' lang='lat' dir='ltr'>regnum</span> 
     </span>
     <span class='ocr_line' id='line_1_31' title="bbox 213 3226 1285 3311; baseline 0 -21"><span class='ocrx_word' id='word_1_214' title='bbox 213 3229 312 3290; x_wconf 90' lang='lat' dir='ltr'>Israel</span> <span class='ocrx_word' id='word_1_215' title='bbox 346 3235 487 3305; x_wconf 90' lang='lat' dir='ltr'>accusat,</span> <span class='ocrx_word' id='word_1_216' title='bbox 531 3228 619 3309; x_wconf 93' lang='lat' dir='ltr'>quod</span> <span class='ocrx_word' id='word_1_217' title='bbox 653 3227 796 3311; x_wconf 90' lang='lat' dir='ltr'>paruerit</span> <span class='ocrx_word' id='word_1_218' title='bbox 834 3226 988 3289; x_wconf 89' lang='lat' dir='ltr'>mandato</span> <span class='ocrx_word' id='word_1_219' title='bbox 1022 3245 1160 3290; x_wconf 91' lang='lat' dir='ltr'>suorum</span> <span class='ocrx_word' id='word_1_220' title='bbox 1283 3241 1285 3244; x_wconf 82' lang='grc'><strong>’</strong></span> 
     </span>
    </p>
   </div>
   <div class='ocr_carea' id='block_1_14' title="bbox 213 3314 1157 3665">
    <p class='ocr_par' dir='ltr' id='par_1_15' title="bbox 214 3314 1023 3398">
     <span class='ocr_line' id='line_1_32' title="bbox 214 3314 1023 3398; baseline -0.002 -18"><span class='ocrx_word' id='word_1_221' title='bbox 214 3336 335 3398; x_wconf 89' lang='lat' dir='ltr'>regum,</span> <span class='ocrx_word' id='word_1_222' title='bbox 360 3319 520 3380; x_wconf 87' lang='lat' dir='ltr'>namhoc</span> <span class='ocrx_word' id='word_1_223' title='bbox 543 3317 704 3397; x_wconf 88' lang='lat' dir='ltr'>significat</span> <span class='ocrx_word' id='word_1_224' title='bbox 726 3316 919 3392; x_wconf 83' lang='lat' dir='ltr'>vocabulum</span> <span class='ocrx_word' id='word_1_225' title='bbox 943 3314 1023 3392; x_wconf 82' lang='lat' dir='ltr'>,zai‘.</span> 
     </span>
    </p>

    <p class='ocr_par' dir='ltr' id='par_1_16' title="bbox 213 3404 1157 3665">
     <span class='ocr_line' id='line_1_33' title="bbox 303 3404 1157 3485; baseline 0 -17"><span class='ocrx_word' id='word_1_226' title='bbox 303 3406 365 3468; x_wconf 81' lang='lat' dir='ltr'>Sed</span> <span class='ocrx_word' id='word_1_227' title='bbox 381 3405 525 3485; x_wconf 89' lang='lat' dir='ltr'>inquies:</span> <span class='ocrx_word' id='word_1_228' title='bbox 550 3408 603 3467; x_wconf 86' lang='lat' dir='ltr'>An</span> <span class='ocrx_word' id='word_1_229' title='bbox 618 3427 685 3468; x_wconf 89' lang='lat' dir='ltr'>non</span> <span class='ocrx_word' id='word_1_230' title='bbox 702 3407 781 3468; x_wconf 91' lang='lat' dir='ltr'>haec</span> <span class='ocrx_word' id='word_1_231' title='bbox 796 3405 896 3469; x_wconf 86' lang='lat' dir='ltr'>virtus</span> <span class='ocrx_word' id='word_1_232' title='bbox 913 3408 970 3480; x_wconf 88' lang='lat' dir='ltr'>est,</span> <span class='ocrx_word' id='word_1_233' title='bbox 988 3424 1062 3466; x_wconf 90' lang='lat' dir='ltr'>cum</span> <span class='ocrx_word' id='word_1_234' title='bbox 1080 3404 1157 3468; x_wconf 91' lang='lat' dir='ltr'>sub-</span> 
     </span>
     <span class='ocr_line' id='line_1_34' title="bbox 214 3489 1149 3574; baseline -0.001 -17"><span class='ocrx_word' id='word_1_235' title='bbox 214 3495 275 3558; x_wconf 90' lang='lat' dir='ltr'>diti</span> <span class='ocrx_word' id='word_1_236' title='bbox 301 3495 506 3559; x_wconf 87' lang='lat' dir='ltr'>autoritatem</span> <span class='ocrx_word' id='word_1_237' title='bbox 528 3494 733 3574; x_wconf 90' lang='lat' dir='ltr'>magistratus</span> <span class='ocrx_word' id='word_1_238' title='bbox 764 3489 814 3557; x_wconf 87' lang='lat' dir='ltr'>sui</span> <span class='ocrx_word' id='word_1_239' title='bbox 842 3493 1044 3573; x_wconf 80' lang='lat' dir='ltr'>sequuntur?</span> <span class='ocrx_word' id='word_1_240' title='bbox 1091 3493 1149 3556; x_wconf 84' lang='lat' dir='ltr'>Cur</span> 
     </span>
     <span class='ocr_line' id='line_1_35' title="bbox 213 3581 1149 3665; baseline 0 -21"><span class='ocrx_word' id='word_1_241' title='bbox 213 3583 311 3662; x_wconf 85' lang='lat' dir='ltr'>igitur</span> <span class='ocrx_word' id='word_1_242' title='bbox 332 3585 394 3646; x_wconf 93' lang='lat' dir='ltr'>hoc</span> <span class='ocrx_word' id='word_1_243' title='bbox 416 3585 451 3646; x_wconf 90' lang='lat' dir='ltr'>in</span> <span class='ocrx_word' id='word_1_244' title='bbox 482 3583 603 3646; x_wconf 90' lang='lat' dir='ltr'>crimen</span> <span class='ocrx_word' id='word_1_245' title='bbox 625 3584 725 3647; x_wconf 90' lang='lat' dir='ltr'>trahit</span> <span class='ocrx_word' id='word_1_246' title='bbox 751 3584 925 3665; x_wconf 89' lang='lat' dir='ltr'>propheta,</span> <span class='ocrx_word' id='word_1_247' title='bbox 955 3587 987 3645; x_wconf 91' lang='lat' dir='ltr'>et</span> <span class='ocrx_word' id='word_1_248' title='bbox 1009 3581 1149 3645; x_wconf 89' lang='lat' dir='ltr'>minatu·</span> 
     </span>
    </p>
   </div>
   <div class='ocr_carea' id='block_1_15' title="bbox 304 3756 509 3826">
    <p class='ocr_par' dir='ltr' id='par_1_17' title="bbox 304 3756 509 3826">
     <span class='ocr_line' id='line_1_36' title="bbox 304 3756 509 3826; baseline 0.015 -17"><span class='ocrx_word' id='word_1_249' title='bbox 304 3756 331 3826; x_wconf 83' lang='lat'>1)</span> <span class='ocrx_word' id='word_1_250' title='bbox 359 3757 509 3812; x_wconf 89' lang='lat' dir='ltr'>Iudicium.</span> 
     </span>
    </p>
   </div>
   <div class='ocr_carea' id='block_1_16' title="bbox 0 0 1292 4225">
    <p class='ocr_par' dir='ltr' id='par_1_18' title="bbox 0 0 1292 4225">
     <span class='ocr_line' id='line_1_37' title="bbox 0 0 1292 4225; baseline 0 0"><span class='ocrx_word' id='word_1_251' title='bbox 0 0 1292 4225; x_wconf 95' lang='lat' dir='ltr'> </span> 
     </span>
    </p>
   </div>
  </div>
 </body>
</html>
