2575 4225
237 283 303 346 500
474 280 579 360 Caput
601 284 753 358 quartum
776 279 938 341 decimum

326 459 421 521 Hane
443 457 706 538 promissionem,
730 462 762 518 to
786 455 944 532 obsecro,
960 475 1044 536 quae
1065 455 1183 537 lingua

237 548 397 630 explicare
419 548 547 628 potest?
569 547 744 608 Possumus
766 544 865 625 igitur
879 544 1057 608 domestico
1073 551 1106 608 et
1123 565 1180 609 no

237 638 288 701 bis
310 641 387 699 noto
414 635 562 716 exemplo
590 635 656 710 uti,
685 640 723 698 ut
751 632 946 713 cogitemus,
974 653 1039 714 quo
1068 635 1181 698 animo

237 727 339 790 simus
361 743 436 803 erga
458 723 610 803 ooniuges
632 728 666 786 et
685 722 803 785 liberos
826 727 959 786 nostros.
1006 722 1069 785 Sed
1084 723 1121 784 in
1139 743 1180 786 eo
1271 793 1272 800 ,

236 820 350 896 postea
363 813 453 876 labor
467 811 536 888 erit,
556 816 595 875 ut
609 811 703 874 nobis
718 810 979 892 persuadeamus,
1003 811 1103 874 etiam
1118 831 1181 876 nos
1271 853 1272 856 =

238 903 284 967 sic
307 902 400 982 diligi
433 921 452 963 a
481 900 550 964 deo.
598 900 702 963 Corda
729 900 816 962 enim
848 905 959 964 nostra
992 901 1182 980 angustiora
1270 917 1272 980 g

238 997 324 1067 sunt,
348 1009 447 1071 quam
468 988 698 1070 utcomplecti
713 993 884 1054 tantaares
899 989 1034 1070 possint.
1073 989 1181 1064 Quem
1270 995 1272 1018 ¹

239 1087 276 1144 tu
303 1100 375 1143 vere
403 1098 507 1155 amas,
538 1079 567 1141 is
595 1078 706 1141 omnia
735 1083 805 1153 tua,
837 1077 935 1140 etiam
963 1077 1065 1142 vitam
1087 1084 1181 1142 tuam

238 1168 392 1251 possidet,
417 1187 454 1232 aa
476 1167 580 1246 magis
602 1165 735 1247 quidem
758 1186 857 1247 quam
879 1171 916 1230 tu
938 1161 1037 1248 ipse.¹
1080 1167 1183 1230 Amor

239 1258 346 1338 igitur,
371 1276 469 1336 quem
492 1256 669 1329 nobishoc
692 1255 728 1316 in
749 1255 820 1318 loeo
843 1259 875 1318 et
897 1255 1074 1334 gratuitum
1097 1261 1131 1319 et
1144 1257 1180 1318 li·

238 1347 379 1410 beralem
402 1344 563 1426 promittit
584 1343 746 1420 dominus,
771 1345 864 1406 affert
885 1343 927 1406 ad
943 1363 1001 1407 nos
1018 1343 1182 1424 quidquid

239 1435 319 1498 deus
342 1441 390 1498 est
412 1440 445 1496 et
466 1434 581 1509 habet,
610 1438 649 1495 ut
677 1452 737 1495 nos
766 1451 895 1512 quoque
926 1433 1027 1496 simus
1055 1433 1184 1498 domini

239 1523 377 1605 peccati,
401 1522 530 1597 mortis,
555 1520 688 1596 inferni,
713 1520 849 1584 Satanae
872 1527 905 1584 et
926 1522 1075 1585 omnium
1098 1542 1182 1585 crea·

239 1617 394 1675 turanum.
430 1610 509 1684 Quis
524 1609 612 1672 enim
628 1615 739 1672 contra
754 1629 822 1686 nos,
839 1609 958 1672 sidens
970 1606 1179 1691 pronomen*

329 1700 457 1762 Alioubi
479 1699 637 1779 scriptura
660 1699 774 1762 tribuit
795 1698 856 1762 deo
884 1699 1066 1762 maritalem
1096 1721 1182 1764 amo·

239 1810 318 1866 rem,
343 1789 426 1852 siout
447 1789 545 1850 etiam
561 1780 735 1862 Christus,8
763 1805 837 1850 eum
859 1787 1113 1852 misericordiam
1128 1789 1185 1852 dei

240 1877 417 1960 praedicat,
457 1876 645 1958 nuptiarum
680 1875 927 1939 similitudinem
959 1877 1113 1958 proponit
1149 1885 1186 1942 et

240 1960 377 2029 Paulus4
409 1970 647 2028 sacramentum
673 1984 830 2044 magnum
858 1971 951 2028 vocat
979 1965 1185 2046 coniugalem

240 2056 351 2121 vitam.

330 2143 393 2206 Sed
416 2143 660 2207 meminerimus
683 2142 838 2206 abscondi
859 2143 947 2206 hune
973 2162 1118 2207 amorem
1147 2146 1185 2207 in

241 2234 303 2295 hae
326 2232 393 2296 vita
415 2252 521 2308 cruce,
552 2232 627 2295 ideo
650 2231 713 2295 fide
742 2250 823 2314 opus
851 2238 916 2309 est,
947 2252 1030 2312 quae
1061 2238 1186 2297 statuat

241 2322 301 2385 has
324 2321 552 2402 promissiones
574 2340 665 2385 veras
689 2340 767 2383 esse.
802 2320 866 2393 Qui
882 2320 969 2383 enim
983 2323 1035 2384 vel
1050 2341 1186 2386 sensum

242 2411 293 2474 vel
330 2410 471 2491 speeiem
508 2410 671 2489 sequitur,
717 2408 873 2472 iudicabit
910 2410 1080 2473 ecelesiam
1118 2432 1186 2474 non

159 2508 168 2513 “
242 2500 344 2561 amari
367 2520 386 2561 a
409 2498 469 2562 deo
491 2499 632 2561 maritali
655 2518 779 2574 amore,
809 2498 939 2561 sedvel
966 2499 1101 2579 negligi,
1133 2501 1187 2564 vel

240 2588 341 2651 etiam
363 2589 400 2649 in
418 2587 493 2650 odio
508 2604 586 2650 esse.
625 2587 729 2666 Igitur
744 2587 885 2649 carnales
901 2587 985 2650 oculi
999 2587 1184 2665 claudendi,

243 2683 276 2738 et
297 2676 361 2736 fide
383 2677 464 2738 haee
486 2675 674 2756 accipienda
696 2680 781 2751 sunt,
806 2675 888 2738 siout
902 2670 1038 2739 Paulus⁵
1058 2677 1184 2757 inquit:

244 2763 307 2843 Spe
337 2763 417 2826 salvi
444 2764 522 2826 faeti
551 2784 677 2840 sumus,
713 2770 784 2826 tum
814 2770 922 2827 autem
956 2765 1186 2829 revelabuntur

243 2853 332 2928 haee,
357 2872 430 2914 cum
455 2852 599 2914 Christus
622 2872 657 2915 se
673 2853 765 2915 nobis
781 2853 943 2930 revelabit,
967 2854 1096 2917 ethaeo
1112 2874 1186 2919 caro

244 2947 375 3021 peceato
398 2941 495 3023 plena
517 2941 615 3003 fuerit
637 2942 764 3004 abolita.

287 3119 427 3182 articula
449 3136 602 3198 sequens:
632 3119 794 3192 Quoniam
818 3140 945 3185 aversus
968 3120 1009 3182 ab
1033 3140 1071 3183 eo
1095 3122 1187 3185 iuror

304 3227 396 3269 meus
425 3213 488 3284 est,
518 3208 644 3271 videtur
675 3209 847 3271 abundare.
894 3209 959 3271 Ubi
982 3210 1071 3271 enim
1094 3230 1188 3275 amor

244 3300 303 3371 est,
338 3296 386 3358 ibi
419 3297 551 3359 exclusa
584 3304 633 3359 est
666 3298 714 3359 ira
743 3297 924 3361 etodium.
972 3297 1034 3359 Sed
1065 3320 1189 3379 magna

246 3404 342 3447 causa
364 3385 444 3461 fuit,
468 3406 524 3447 our
545 3386 631 3448 hano
653 3386 843 3467 particulam
866 3386 1017 3449 dominus
1041 3388 1130 3451 adde:

246 3474 331 3546 Quia
353 3474 450 3551 enim,
474 3476 599 3537 utiam
622 3475 773 3552 diximus,
799 3495 897 3552 amor,
922 3496 986 3556 quo
1002 3478 1142 3557 complet

246 3750 275 3818 ὅ)
293 3683 564 3805 Ro1)D8ileotiodei.
591 3683 620 3751 2)
633 3686 714 3739 Rom.
728 3685 753 3739 8.
782 3684 811 3753 3)
824 3685 929 3739 Matth.
942 3684 984 3738 22.
1012 3684 1133 3755 4)Ephs

338 3770 374 3805 m.
413 3794 418 3805 .
