2575 4225
415 219 497 280 10
1023 251 1031 258 ·
1083 215 1294 297 Caput
1338 215 1623 296 primum

409 413 749 475 nunquam
793 399 892 456 est
934 390 1293 456 reductum.
1308 386 1331 425 ²
1385 392 1867 475 Appellationes
1913 393 2288 457 debuissent.

413 483 726 548 mansisse
770 481 1146 545 Hebraicae.

933 642 1216 722 Absque*
1243 641 1700 717 misericordia,
1714 635 1739 674 ²

410 748 480 812 id
525 754 652 823 est;
702 747 1089 829 significabit
1133 749 1467 829 populum,
1516 748 1698 810 cuius
1745 747 1905 810 deus
1950 769 2284 829 nunquam

411 836 835 914 miserebitur,
884 843 1034 900 ante
1080 835 1240 900 dicit
1283 856 1352 900 se
1397 842 1797 900 vastaturum
1842 855 2133 916 regnum,
2184 841 2284 901 hic

415 933 633 991 autem
687 945 1026 1006 nunquam
1088 946 1156 989 se
1207 931 1674 1007 reparaturum.
1765 926 2077 989 Psalmus.
2176 929 2284 989 De-

413 1022 618 1080 strues
663 1015 810 1078 illos
868 1021 934 1078 et
986 1035 1119 1077 non
1165 1014 1536 1077 aedificabis
1582 1034 1689 1078 eos
1734 1020 1853 1078 etc.
1946 1014 2093 1077 Non
2139 1034 2284 1093 ergo

410 1104 696 1185 loquitur
753 1104 861 1167 hic
921 1102 1002 1167 de
1057 1103 1499 1166 misericordia
1543 1103 1932 1183 Evangelica
1950 1153 1963 1179 ,
2020 1102 2103 1165 de
2159 1125 2288 1185 qua

387 1193 584 1263 ,infra
599 1243 613 1269 ‚
662 1192 777 1256 sed
821 1210 891 1255 se
936 1212 1069 1255 non
1113 1198 1558 1273 reparaturum
1603 1212 1893 1272 regnum.
1986 1192 2284 1272 Sequitur

413 1289 631 1345 autem
644 1330 657 1357 ,
737 1280 818 1343 de
876 1300 1073 1360 regno
1131 1287 1478 1361 perpetuo:
1551 1280 1775 1343 domui
1844 1287 2063 1344 autem
2124 1281 2284 1345 Iuda

409 1370 758 1434 miserebor
787 1375 904 1432 etc.
960 1370 1141 1431 Haec
1170 1388 1435 1432 manere
1461 1370 1687 1433 debuit
1713 1388 1919 1450 usque
1965 1369 2050 1431 ad
2081 1369 2280 1433 Chris-

336 1504 345 1513 ·
409 1465 571 1535 tum,
621 1458 736 1538 qui
780 1457 1025 1521 stabilit
1067 1477 1212 1541 eam
1257 1458 1330 1520 in
1375 1463 1727 1522 aeternum.

589 1548 669 1611 In
722 1546 846 1609 hoc
889 1547 1123 1623 verbo,
1189 1546 1366 1627 quod
1426 1546 1650 1610 decem
1704 1547 1911 1611 tribus
1972 1547 2284 1609 abductae

411 1642 566 1700 sunt
608 1640 673 1699 et
714 1634 883 1698 duae
929 1656 1062 1698 non
1105 1641 1458 1718 potuerunt
1518 1636 1755 1699 abduci
1810 1656 1927 1717 per
1970 1637 2284 1717 Assyrios?

411 1724 813 1807 apertissime
856 1723 1110 1788 videtur
1154 1724 1442 1787 efficacia
1483 1724 1759 1789 virtutis.
1852 1724 1971 1787 Dei
2016 1731 2083 1789 et
2108 1725 2288 1789 verbi

412 1815 568 1890 eius,
616 1813 686 1876 id
733 1812 908 1894 quod
953 1819 1170 1894 aperte
1217 1811 1311 1876 sic
1358 1813 1549 1877 dicit:

1015 1990 1162 2055 Non
1207 1990 1467 2055 salvabo
1514 1996 1631 2053 etc.
1646 1985 1672 2024 ⁸

587 2098 754 2162 Mira
797 2097 1139 2163 verborum
1186 2097 1361 2178 (vide
1397 2098 1457 2160 4.
1507 2119 1634 2179 reg.
1685 2118 1777 2162 ca.
1817 2097 1926 2176 19)
1974 2099 2284 2162 suavitate

411 2207 636 2252 omnes
702 2187 1057 2268 prophetae
1125 2187 1197 2249 in
1263 2205 1537 2266 regnum
1607 2187 1844 2250 Christi
1910 2188 2280 2269 respiciunt-⁴

410 2277 497 2339 Et
540 2275 797 2340 adverte
840 2294 1066 2339 verum
1111 2295 1248 2339 esse
1305 2281 1595 2356 oportere
1650 2276 1825 2357 qnod
1870 2276 2067 2338 Israel
2126 2296 2284 2338 nun-

411 2385 610 2446 quam
674 2383 1038 2428 reversurus
1111 2364 1196 2427 sit
1210 2415 1224 2441 ‚
1304 2369 1371 2426 et
1436 2370 1656 2427 tamen
1723 2366 2019 2428 futurum
2080 2382 2284 2428 unum

412 2474 683 2536 regnum
729 2471 879 2517 cum
923 2453 1089 2517 Iuda
1132 2452 1505 2517 Israhelem.

1127 2623 1532 2695 Ablactavit⁴
1556 2656 1567 2694 :

412 2738 794 2820 mysterium
855 2737 1018 2800 forte
1037 2787 1052 2815 ,
1123 2736 1302 2818 quod
1354 2742 1530 2800 totus
1588 2737 1869 2818 populus
1889 2786 1903 2813 ,
1975 2737 2150 2817 quod
2204 2738 2288 2798 ad

402 2835 754 2892 ‘externum
813 2826 1062 2889 cultum
1107 2826 1341 2889 attinet
1354 2875 1368 2902 ,
1439 2824 1899 2905 relinquendus
1960 2832 2085 2903 est,
2158 2846 2288 2890 non

414 2918 626 2981 solum
669 2915 884 2979 Israel.
976 2915 1107 2978 Ubi
1158 2915 1231 2976 in
1275 2914 1487 2978 virum
1542 2913 1808 2978 creverit
1864 2918 1982 2978 etc.
2076 2915 2288 2978 Tertia

415 3027 565 3086 ergo
610 3005 818 3088 proles
862 3005 1061 3069 nectit
1090 3002 1499 3086 prophetiam
1528 3002 1710 3082 regni
1738 3005 2109 3085 temporalis
2140 3022 2288 3066 cum

415 3101 674 3158 aeterno
719 3099 838 3157 etc.
932 3093 1232 3175 Amplius
1277 3112 1412 3155 non
1452 3091 1683 3156 fovebo
1715 3111 2127 3174 synagogam,
2176 3094 2288 3154 eri-

415 3203 566 3264 gam
619 3182 819 3244 alium
874 3183 1209 3264 populum.
1303 3180 1408 3243 Ad
1454 3200 1649 3260 quem
1696 3179 1752 3242 si
1798 3181 2123 3244 transierit
2168 3182 2288 3242 iste

416 3273 724 3355 populuS,
790 3269 1158 3334 salvabitur.
1267 3269 1337 3331 Si
1393 3288 1528 3331 non
1548 3318 1561 3345 ‚
1634 3288 1767 3330 non
1836 3270 1957 3332 erit
2013 3270 2292 3352 populus

415 3381 599 3424 meus
645 3366 762 3424 etc.
855 3359 1121 3440 Oportet
1162 3359 1340 3421 hunc
1384 3358 1701 3439 populum
1745 3357 1924 3421 reiici
1968 3364 2033 3421 et
2073 3364 2292 3422 tamen

418 3449 689 3531 suscipi,
749 3454 825 3512 ut
869 3467 1093 3511 omnes
1140 3445 1519 3529 prophetiae
1566 3446 1700 3511 sint
1742 3465 1889 3510 vere
1935 3466 2101 3527 quae
2148 3466 2292 3510 con-

419 3692 474 3762 4)
596 3621 650 3747 ἒ)
706 3622 921 3692 Incipit
973 3622 1070 3677 fol.
1127 3620 1247 3676 108.
1274 3623 1353 3701 .A·
1410 3619 1599 3677 MSOi.
1696 3620 1753 3689 2)
1808 3638 1861 3676 v.
1900 3620 1949 3674 6.
2041 3619 2098 3688 3)
2150 3638 2200 3674 ν.
2244 3622 2292 3674 T,

510 3711 562 3751 v.
639 3732 652 3748 .
