2575 4225
310 294 316 302 ·
440 268 566 333 Hoseae
588 272 773 353 prophetas.
1013 269 1077 333 299

178 440 294 559 ‘Quia
333 446 485 527 spiritu
524 448 845 512 fornicationum
886 447 1079 529 deeeptus

242 538 315 619 est,
347 540 390 598 ut
412 536 685 601 fornicaretur
711 536 872 601 deserto
900 536 970 599 deo
1001 556 1077 599 suo.

142 704 268 821 ¹Haec
290 714 451 777 sententia
472 715 516 777 ob
534 679 712 779 antithesin
726 716 832 795 magis
854 713 998 778 notanda
1021 720 1077 777 est.
1153 768 1154 773 ,
1254 676 1262 739 Ἴ·

232 801 323 866 Siout
352 803 442 866 enim
463 803 631 867 Zacharias
655 809 748 868 vocat
770 804 921 885 spiritum
947 804 1077 884 gratiae,

136 896 287 955 sanetum
308 890 473 972 spiritum,
499 892 557 972 qui
578 898 715 957 testatur
741 892 781 955 de
805 893 940 968 Christo,
974 896 1006 956 et
1029 913 1081 955 no-

27 975 33 981 ’
137 986 209 1043 tum
243 979 338 1043 uobis
375 981 455 1045 feeit
487 982 690 1046 mluntatem
730 980 783 1046 dei
816 982 951 1058 bonam,
993 981 1081 1061 quod

23 1080 24 1085 ’
136 1074 270 1149 propter
297 1076 430 1150 peecata
457 1091 525 1147 eos,
556 1070 613 1151 qui
639 1069 805 1133 Christum
832 1071 1078 1152 amplectuntur,

137 1156 294 1221 damnare
335 1159 434 1234 nolit,
485 1153 550 1223 'ita
586 1160 699 1222 Hoaea
742 1159 798 1223 hio
840 1166 934 1223 vocat
977 1160 1080 1235 ‚ituah

136 1246 300 1318 zenunim‘
338 1248 463 1311 malum
491 1248 658 1331 spiritum,
701 1248 759 1328 qui
785 1268 876 1311 verae
911 1247 1079 1331 opiniones

136 1334 178 1399 de
201 1334 263 1399 deo
285 1335 401 1400 eximit
423 1357 465 1401 ex
487 1338 615 1413 animis,
639 1342 672 1400 et
694 1343 751 1401 aut
772 1337 927 1419 depravat
949 1343 1006 1400 aut
1028 1357 1079 1418 pe·

23 1441 24 1510 ᾗ
138 1422 226 1487 nitus
249 1424 405 1506 opprimit
425 1427 577 1504 verbum,
609 1433 643 1490 et
664 1428 780 1508 implet
807 1427 933 1491 animos
962 1426 1081 1490 fiducia

23 1522 24 1599 ᾗ
138 1518 356 1578 ereaturarum
371 1534 455 1595 quae
469 1536 544 1581 rere
558 1515 707 1579 idolatria
721 1522 781 1581 est.
818 1517 893 1580 Non
907 1515 995 1579 enim
1014 1515 1079 1578 ido-

23 1610 24 1676 }
137 1602 233 1667 latria
254 1608 385 1667 unum
407 1605 553 1685 putanda
575 1611 625 1669 eat
647 1604 790 1669 adoratio
810 1611 999 1680 statumum,
1024 1604 1081 1667 sed
1174 1620 1176 1627 ‘

139 1690 259 1755 fiducia
287 1692 325 1755 in
361 1694 526 1774 propriam
553 1694 732 1770 iusticiam,
764 1714 861 1775 opera
890 1700 923 1757 et
955 1694 1079 1769 merita,

23 1783 24 1826 i
139 1778 175 1843 in
195 1800 283 1861 opes,
308 1781 344 1843 in
358 1780 531 1845 hominum
553 1776 762 1869 potentiam,⁸
811 1783 902 1845 Haeo
921 1782 1005 1846 siout
1018 1783 1079 1845 usi·

23 1903 24 1914 κ
139 1867 312 1945 tutissima,
351 1870 399 1933 ita
435 1873 534 1935 etiam
568 1871 798 1936 nocentissima
836 1866 985 1935 idolatria
1021 1878 1078 1945 est,

139 1956 223 2021 sicut
237 1954 376 2023 Paulus⁴
399 1961 571 2025 avariciam
592 1966 686 2025 vocat
699 1960 861 2024 idolorum
882 1960 1079 2024 servitutem.

140 2045 234 2121 Quod
257 2052 367 2112 autem
389 2048 530 2133 impium
552 2069 621 2114 esse
644 2068 755 2114 oensas
777 2049 830 2112 his
852 2049 948 2114 rebus
971 2049 1078 2125 fidere,

140 2136 356 2288 ffduopiam
382 2139 418 2202 in
445 2138 543 2204 deum
573 2145 742 2204 aeternum
764 2145 797 2204 ot
824 2139 1080 2222 omnipotentem

182 2245 278 2290 neem
318 2273 324 2279 ³

183 2401 232 2513 Ia
258 2406 567 2470 summitatibus
590 2407 788 2470 montium
817 2405 1078 2481 sacrificant,

231 2500 273 2558 et
304 2494 353 2560 in,
377 2495 553 2558 collibus
588 2496 757 2558 incensa
790 2495 974 2570 adolent,
1010 2495 1080 2556 sub

172 2603 349 2666 quercu,
384 2584 489 2660 tilia,
525 2583 634 2665 tago,
669 2584 773 2648 bona
807 2584 910 2648 euim
944 2584 1080 2648 harum

34 2684 39 2695 '
147 2723 150 2728 -
178 2675 329 2738 umbra
350 2680 421 2737 eat.
965 2704 968 2712 Δ

31 2868 37 2882 ’
141 2846 268 2962 ⁵Haeo
291 2851 355 2916 alia
374 2850 542 2916 idolatriae
564 2851 688 2933 speeies
704 2857 762 2915 est.
801 2851 873 2914 Etsi
889 2850 978 2914 enim
991 2869 1081 2913 saera

232 2943 313 3006 haee
330 2941 458 3004 fiebant
478 2941 515 3003 in
536 2940 605 3005 veri
626 2939 680 3002 dei
702 2941 875 3015 honorem,
906 2946 1017 3002 tamen
1046 2939 1081 2998 in

138 3051 177 3094 eo
199 3031 322 3095 vicium
344 3034 420 3105 erat,
445 3029 532 3109 quod
556 3030 679 3092 fiebant
699 3029 737 3090 in,
757 3029 827 3092 loco
843 3026 998 3091 divinitus
1014 3046 1080 3088 non

137 3125 268 3184 ostenso
301 3137 362 3183 neo
394 3117 559 3181 mandato.
605 3118 710 3198 Igitur
742 3136 818 3180 oum
846 3115 903 3186 ,his
940 3115 1080 3178 uultibus

138 3208 314 3273 eoniunote
334 3211 403 3270 erat
424 3205 653 3284 inobedientia,
677 3226 757 3270 nam
776 3206 858 3270 deuo
873 3203 1081 3268 constituerat

138 3304 263 3362 eeitum
290 3298 398 3361 tooum
424 3295 567 3360 externis
588 3296 734 3360 ‘cnutus
761 3295 797 3358 in
818 3294 994 3358 Ianualem
1014 3311 1081 3356 seu

166 3387 278 3470 nupto,
303 3385 364 3449 sed
378 3404 523 3465 regnum
544 3385 645 3448 Israd
666 3384 865 3448 sacrifieabat
887 3383 923 3444 in
944 3381 1015 3443 otiis
1038 3380 1080 3442 lo-

175 3476 195 3538 ³.
231 3473 430 3538 Notandum
457 3474 558 3555 igitm
582 3480 649 3551 est,
678 3473 775 3538 hoece
801 3473 909 3537 uultus
934 3469 1008 3532 ideo
1035 3489 1079 3531 re-

229 3684 257 3752 1)
271 3684 395 3752 Spiritus
407 3685 524 3752 gratiae.
551 3683 580 3751 2)
594 3683 718 3751 Spiritus
728 3682 956 3737 fornicationum.
976 3678 1004 3746 3)
1018 3679 1081 3733 Ido-

183 3756 230 3810 ria.
267 3754 297 3824 4)
316 3756 408 3826 Ephe.
426 3755 450 3823 tt.
488 3755 516 3823 5)
535 3752 638 3810 <initus
655 3755 722 3809 aine
737 3753 826 3810 verbo
844 3751 991 3820 suseepti
1011 3830 1016 3840 Ι

1255 3535 1267 3584 ὲ

1251 3587 1267 3626 a

1232 3629 1267 3807 ,ᾖ
