2575 4225
393 261 473 321 Ξῖ]
871 257 1080 339 Caput
1125 257 1391 320 tertium
1436 256 1764 319 decimum

391 433 622 513 lijffmss
671 434 888 514 inquit
930 434 1157 510 David,
1206 434 1275 497 id
1322 441 1448 498 est:
1498 434 1806 497 iuditium
1836 433 1920 497 sit
1964 452 2159 515 super
2207 440 2272 496 te

393 525 498 601 ςμιί
553 524 860 599 meruisti,
909 542 1026 604 ego
1071 543 1219 586 sum
1264 524 1593 586 innocens,
1611 552 1617 556 ·
1673 523 1743 585 id
1788 529 1915 585 est:
1962 522 2091 603 ipsi
2130 543 2271 603 por-

393 621 529 673 tent
589 612 710 674 hoc
765 632 946 675 onus.
1041 614 1341 687 nocentia
1396 612 1769 675 declaratur.
1872 610 1978 691 Ὧῑ)
2036 609 2273 691 fcbmud)

397 701 521 761 *virt
569 699 671 764 obt
715 700 787 782 fic
815 699 1069 766 fommen
1100 702 1208 766 nub
1240 700 1385 781 {nott
1429 702 1663 782 butem.
1739 706 2000 782 peccata
2046 720 2272 761 eorum

397 789 613 851 intulit
660 783 725 874 [ἔ]
778 792 1178 870 sanguinem.
1272 791 1706 871 Opprobrium
1736 809 1867 870 quo
1898 788 2109 850 mihi.

401 881 493 937 sm
501 881 565 953 it·
635 899 741 940 me
809 879 1148 942 confundit
1214 879 1403 941 idolis
1473 880 1624 954 suis,
1696 878 1911 942 veniet
1979 838 2276 940 confusio

397 1017 405 1021 .
401 989 589 1045 uper
633 986 800 1030 eum.

627 1140 654 1224 ,¹
669 1138 1004 1231 Sequitur
1050 1143 1261 1225 caput
1305 1142 1608 1209 tertium
1655 1140 2035 1208 decimum.

577 1269 816 1331 Iterum
861 1289 1065 1332 novus
1112 1290 1319 1333 sermo
1366 1269 1584 1332 oritur.
1678 1268 1944 1332 diversis
1976 1270 2165 1332 annis
2213 1274 2279 1331 et

409 1358 798 1437 [emporibus
821 1358 930 1420 isti
959 1379 1282 1421 sermones
1309 1366 1461 1422 sunt
1483 1358 1863 1439 praedicati:
1891 1359 2079 1439 quasi
2102 1358 2278 1420 dicat

405 1453 465 1505 επεὶ-ι
513 1449 692 1525 sumpt
736 1446 866 1511 abet
911 1444 1000 1512 ein
1043 1463 1153 1512 neu
1197 1446 1358 1525 bofite
1387 1447 1503 1528 bet,
1552 1448 1762 1509 omnis
1794 1448 2004 1510 cultus
2051 1467 2278 1510 eorum

409 1535 984 1613 reprehendebatur
1027 1557 1067 1597 a
1110 1537 1461 1619 prophetis.
1554 1556 1807 1617 semper
1834 1556 2033 1599 novos
2066 1538 2277 1599 cultus

405 1625 827 1687 instituebant
870 1630 945 1687 ut
988 1646 1105 1688 nos
1151 1625 1377 1689 altaria
1422 1631 1487 1687 et
1530 1627 1774 1705 templa
1817 1630 1935 1687 etc.

1151 1768 1236 1831 Et
1281 1787 1472 1830 nunc.
1489 1761 1514 1799 ²

581 1874 836 1952 matheus
880 1873 1012 1954 nod)
1058 1874 1234 1955 mehr.

1117 2018 1209 2079 De
1258 2022 1539 2097 argento,

585 2125 766 2203 quasi
810 2124 983 2187 dicat
1026 2122 1138 2204 {ein
1181 2122 1324 2206 {eine
1366 2121 1622 2206 heiligen.
1716 2144 1796 2185 ex
1850 2144 1965 2186 suo
2013 2131 2277 2204 argento

409 2214 653 2274 faciunt
697 2212 894 2274 deum
908 2262 922 2287 ,
971 2233 1119 2275 cum
1167 2214 1520 2276 elevatione
1566 2220 1632 2275 et
1676 2219 2052 2294 contemptu
2098 2213 2274 2275 dicit.

405 2302 481 2362 [ha
533 2306 792 2379 agrento
836 2307 948 2364 tuo
995 2306 1060 2364 et
1103 2320 1257 2364 auro
1303 2307 1434 2365 tuo.
1515 2309 1519 2312 ’

405 2442 449 2502 s,
461 2466 565 2502 um
609 2443 975 2528 loqueretur
1033 2443 1346 2525 Ephraim
1405 2436 1767 2506 horrorem³
1833 2444 2125 2506 sublatus
2183 2450 2281 2506 est

961 2534 1099 2614 ipse
1145 2534 1215 2594 in
1259 2533 1505 2594 Israhel
1550 2539 1667 2594 etc.
1678 2525 1708 2562 4

585 2639 804 2702 horror
833 2640 916 2701 ad
946 2639 1215 2702 verbum
1244 2638 1554 2719 loquendi
1592 2636 2001 2701 referendum
2031 2656 2278 2700 cense0.

409 2730 593 2802 quam
637 2727 810 2790 dicat
854 2727 1166 2808 Ephraim
1209 2727 1366 2808 butte
1412 2728 1547 2810 [unq
1591 2725 1833 2809 gemma!
1886 2723 2132 2808 getriben
2174 2724 2285 2791 mit

409 2814 589 2890 {einen
629 2814 884 2898 pretinm
915 2822 1031 2879 etc.
1093 2817 1261 2879 Item
1290 2817 1364 2879 in
1392 2817 1550 2879 Baal
1579 2815 1682 2882 εἰη
1697 2812 2063 2896 Ῐιιιιδετῑίᾦεη
2096 2819 2282 2898 ροῆδε

409 2906 549 2982 ⁵eiust
573 2903 889 2988 nuffqeticbt
911 2911 1029 2968 etc.
1078 2905 1279 2968 Credo
1312 2905 1488 2986 quod
1517 2907 1819 2986 loquatur
1849 2904 1930 2966 de
1962 2904 2285 2984 spirituali

409 3002 630 3056 uuirt-e.
723 2995 1164 3076 recapitulatio
1211 2999 1310 3057 est
1354 3001 1419 3057 et
1463 2994 1758 3075 repetitio
1790 2994 2283 3074 praeteritorum

409 3086 748 3160 ]·=·t:1lssl’um,
818 3093 894 3147 ut
960 3103 1079 3146 nos
1147 3082 1423 3146 dicimus
1492 3084 1803 3145 hactenus
1859 3082 1983 3143 hoc
2038 3088 2104 3143 et
2158 3083 2283 3144 hoc

409 3171 649 3232 sfflJtUm
696 3179 810 3247 est,
858 3173 990 3234 iam
1035 3171 1212 3235 aliud
1257 3171 1517 3235 additur
1561 3177 1679 3235 etc.
1750 3169 2072 3233 horrenda
2107 3170 2285 3233 dicta

413 3266 561 3322 sunt·
606 3266 671 3321 et
715 3260 886 3322 facta
931 3265 1049 3323 etc.

1194 3373 1339 3448 uasi
1383 3391 1499 3448 etc.
1514 3378 1540 3418 ⁵

585 3490 1074 3555 similitudinem
1119 3386 1342 3556 ecdrum
1385 3491 1764 3567 laborantes,
1785 3490 2098 3553 -laborare
2129 3509 2245 3552 cur

415 3614 459 3622 —h

593 3664 639 3731 1)
678 3666 890 3733 Incipit
925 3667 1020 3719 fol.
1061 3666 1178 3721 131.
1200 3668 1265 3720 B.
1305 3665 1491 3721 Msci.
1580 3665 1635 3733 2)
1685 3683 1736 3719 v.
1776 3663 1825 3717 2.
1899 3663 1956 3732 3)
2003 3665 2235 3732 Insupe1

413 3734 517 3786 iste
557 3734 768 3789 horror.
841 3735 897 3802 4)
935 3754 995 3814 v.⁵
1028 3737 1074 3791 1.
1150 3738 1205 3804 5)
1244 3755 1296 3794 v.
1335 3737 1384 3791 2.
