2575 4225
229 258 292 320 534
552 257 685 320 Additio
707 257 839 320 Lutheri

228 443 261 499 et
280 436 370 500 velut
391 433 572 516 sepelietur,
597 433 685 513 quod
708 452 765 515 per
786 433 891 512 legem
914 432 1066 494 continue
1081 452 1164 494 reve-

226 525 325 600 latur,
349 525 504 604 apertur,
534 528 567 585 et
589 523 750 584 dilatatur.
797 522 888 584 'lunc
911 526 1020 584 autem
1043 526 1164 583 contra-

227 614 323 676 hetur
345 618 378 673 et
399 613 487 676 velut
508 611 545 672 in
566 610 720 674 fasciculo
748 611 998 690 constringetur,
1029 629 1070 672 ne
1100 629 1163 670 am-

227 701 314 781 plius
336 706 446 781 pateat
467 719 576 762 coram
599 699 699 762 oculis
723 697 789 774 dei,
818 704 851 761 et
872 718 914 760 ne
936 699 1098 778 prolatrun
1120 697 1164 758 fo·

227 809 289 864 ras,
312 789 397 851 ultra
418 795 548 851 accuset
569 795 603 851 et
623 788 691 849 vim
713 806 806 849 auam
829 787 987 850 ostendat.

332 929 501 992 Dolores
523 919 804 1010 parturientis
827 928 995 992 venient
1017 929 1063 988 ei.

228 1069 316 1179 Hoc
338 1072 380 1133 de
402 1071 533 1134 salutari
555 1069 766 1151 parturitione
790 1075 823 1132 et
844 1070 951 1134 dolore
966 1069 1164 1148 intelligitur,

301 1160 341 1221 de
364 1180 430 1239 qua
451 1160 512 1222 Isa.
539 1155 610 1222 aa*
632 1158 781 1234 domine,
805 1158 841 1220 in
863 1158 1013 1238 angustia
1035 1157 1163 1236 requisi·

228 1253 344 1310 verunt
365 1255 407 1310 te.
447 1248 490 1310 Et
511 1268 604 1310 mox:
635 1247 725 1310 Sicut
747 1267 908 1327 pregnans
929 1243 1037 1310 vicina
1058 1245 1165 1327 partui

229 1335 328 1410 dolet,
360 1342 393 1399 et
422 1336 539 1398 clamat
565 1336 600 1397 in
630 1335 793 1397 doloribus
822 1336 903 1411 suis,
936 1335 982 1397 sic
1012 1353 1165 1396 sumusa

229 1424 310 1485 facie
344 1430 402 1486 tua
434 1424 574 1485 domine.
622 1423 852 1504 Concepimua,
888 1423 1099 1504 parturimus,
1134 1428 1166 1484 et

229 1513 372 1591 parimus
395 1513 555 1591 spiritum.
589 1511 668 1573 lere.
686 1508 776 1572 31.**
808 1512 983 1591 Postquam
1006 1531 1079 1574 sum
1095 1531 1164 1572 con·

227 1619 355 1674 versus,
389 1599 622 1680 poenitentiam
653 1619 727 1678 agn,
759 1605 791 1662 et
819 1605 992 1681 postquam
1021 1599 1163 1678 cognovi,

229 1687 371 1768 percussi
404 1688 530 1750 foemur
564 1694 623 1750 etc.
673 1689 745 1750 Hoc
783 1695 831 1750 est
868 1689 956 1750 enim
993 1689 1165 1749 mulierum

230 1776 478 1856 parturientium
506 1777 542 1838 in
572 1777 717 1838 Ieremia.
764 1777 807 1838 Et
835 1772 988 1838 Michflss*
1011 1777 1041 1837 4.
1088 1775 1166 1837 Dole

228 1871 260 1926 et
287 1865 463 1944 ingemisce
492 1864 559 1927 filia
585 1865 678 1940 Zion,
711 1865 805 1945 quasi
832 1865 975 1945 pariens,
1011 1865 1165 1944 quoniam

227 1972 315 2015 nunc
338 1953 508 2032 egredieris
531 1953 571 2014 de
594 1953 739 2029 civitate,
769 1960 802 2017 et
823 1953 985 2016 habitabis
1014 1953 1050 2014 in
1080 1972 1164 2032 agro.

317 2041 475 2105 Remissio
497 2043 586 2103 enim
609 2047 813 2123 peccatorum
843 2048 875 2105 et
899 2042 1008 2122 gratia
1036 2061 1164 2123 operan-
1258 2053 1267 2082 ¹

228 2136 280 2193 tur
303 2132 407 2192 carnis
430 2131 726 2207 mortificationem,
759 2131 871 2193 odium
895 2133 958 2207 sui,
992 2137 1025 2192 et
1047 2130 1165 2192 destru-

228 2219 367 2281 ctionem
390 2220 512 2301 peccati
534 2220 570 2281 in
592 2239 696 2282 carne.
723 2220 866 2282 -Deinde
890 2220 1009 2282 excitat
1024 2238 1166 2299 persecu·

227 2308 365 2383 tionem,
400 2314 437 2370 ut
468 2312 582 2370 notum
613 2314 662 2371 est
689 2310 835 2389 exemplo
869 2309 969 2371 totius
1004 2308 1164 2369 ecclesiae.
1263 2378 1264 2381 Ἴ

227 2396 273 2457 Hi
296 2402 373 2458 sunt
395 2396 519 2458 dolores
542 2398 697 2459 salutares
720 2397 944 2477 parturientis,
977 2396 1096 2457 durum
1119 2399 1167 2457 est

228 2485 325 2560 carni,
350 2485 538 2565 praesertim
554 2485 711 2564 Ephraim
726 2486 911 2547 mortificari
927 2485 1061 2565 gloriam
1075 2484 1165 2563 legis,

228 2579 260 2634 et
282 2572 444 2635 iusticiam
468 2592 602 2653 operum
617 2573 770 2649 occidere,
794 2574 830 2635 in
845 2573 960 2653 seipso.
1007 2573 1079 2634 Hoc
1094 2591 1165 2635 vere

228 2666 277 2723 est
299 2661 483 2722 mortificari
505 2667 646 2723 veterem
669 2662 851 2737 hominem,
884 2668 916 2724 et
945 2680 1061 2723 exuere
1091 2679 1163 2721 cum

228 2747 353 2809 actibus
381 2749 461 2822 suis,
491 2767 557 2808 non
585 2754 713 2810 tantum
742 2750 805 2812 illis
829 2750 941 2812 crassis
972 2754 1004 2811 et
1031 2749 1163 2811 manife-

24 2844 34 2865 ·‘
114 2860 117 2866 ·
228 2835 286 2898 stis
309 2836 457 2917 peccatis,
482 2836 538 2898 sed
562 2836 714 2917 speciosis
736 2845 770 2901 et
784 2838 995 2901 sanctissimis
1014 2837 1164 2912 cultibus,

228 2924 263 2986 in
286 2924 404 3003 quibus
427 2925 571 2988 fidebant
593 2926 671 2987 certi
694 2932 726 2988 et
748 2927 852 2990 securi
881 2927 920 2988 de
950 2926 1050 3005 gloria
1078 2923 1165 3006 apud

227 3012 335 3089 derun.

431 3136 520 3217 Ipse
543 3137 766 3231 filinsbnon
789 3138 957 3218 sapiens.

278 3316 315 3357 oc
348 3298 411 3370 est,
445 3314 531 3357 nunc
555 3296 659 3358 factus
682 3296 767 3358 filius
790 3316 832 3357 cx
861 3316 967 3372 servo,
1000 3301 1032 3357 et
1062 3314 1164 3359 novus

298 3384 396 3445 homo
420 3403 460 3445 ex
482 3384 599 3461 veteri,
630 3384 719 3448 videt
749 3390 781 3446 et
810 3386 909 3447 sentit
938 3404 1006 3447 sese
1036 3402 1105 3447 esse
1133 3398 1156 3444 er

227 3471 326 3533 fuisse
349 3473 498 3547 stultum,
528 3473 586 3552 qui
606 3473 677 3552 lege
699 3473 835 3535 voluerit
857 3473 1038 3548 iustificari,
1070 3478 1103 3533 et
1130 3473 1143 3532 i*

317 3643 342 3710 ⁸)
360 3645 396 3695 In
414 3660 502 3711 marg.
523 3646 585 3699 coll.
598 3646 672 3700 Ien.:
692 3646 795 3700 Esaiae
807 3646 850 3699 26.
887 3645 928 3714 ·⁸)
941 3648 977 3699 In
995 3662 1084 3711 marg.
1102 3645 1151 3701 coll
1259 3658 1261 3665 ·

227 3716 301 3768 Ien.:
320 3714 421 3767 Ierem.
440 3714 483 3767 31.
522 3715 579 3783 m)
597 3718 633 3769 In
652 3733 739 3782 marg.
759 3717 821 3772 coll.
841 3717 914 3771 Icn.:
933 3717 1021 3770 Mich.
1040 3716 1066 3769 4.
