2575 4225
216 295 283 370 402
544 291 649 372 Caput
671 290 836 353 decimum

216 477 268 536 eet
289 472 325 533 in
339 469 514 549 Assyriam.
561 469 694 531 Habent
714 472 823 529 autem
839 484 958 528 nomen
974 460 1158 529 Camarim¹

217 562 258 623 ab
281 558 407 622 ardenti
430 557 537 644 studio
567 556 663 638 impii
691 556 806 619 cultus.
853 554 943 618 Sicut
973 554 1008 616 in
1035 560 1166 637 papatu

216 648 332 712 ardens
360 646 505 709 studium
537 646 601 707 fuit
634 645 671 706 in
704 664 832 707 summa
863 643 1047 724 impietate,
1084 664 1162 707 eum

217 736 387 801 sacrificuli
409 735 607 798 somniarent
629 753 663 795 se
687 753 746 796 sua
769 732 910 813 quadam
925 732 1057 813 propria
1071 739 1162 814 pote-

217 832 299 890 state
320 829 446 888 mutare
469 843 588 905 panem
610 828 644 886 et
666 824 777 885 offerre
801 822 854 884 dei
877 820 989 883 filium.
1037 822 1085 883 Ea
1100 822 1164 884 im·-

215 915 319 996 pietas
342 914 410 976 sola
432 932 595 976 summam
617 911 811 991 dignitatem
834 909 1015 974 conciliavit
1042 910 1164 973 sacrifi-

216 1003 313 1079 culis,
342 1007 375 1065 et
397 1002 479 1064 mire
506 1006 680 1082 questuosa
708 999 787 1076 fuit,
816 1000 900 1063 sieut
928 999 1023 1063 vituli
1052 998 1165 1062 cultus·

216 1091 404 1155 Camarinis.
451 1090 515 1153 Sed
535 1090 693 1170 lugebunt
713 1088 777 1169 ipsi
793 1107 930 1168 quoque,
956 1107 1031 1150 cum
1047 1084 1163 1169 appie*

216 1181 338 1244 hendet
360 1200 414 1243 ees
436 1200 550 1262 poena.

260 1356 461 1466 Accipiet
483 1355 677 1438 Ephraim
701 1351 1001 1431 confusionem,
1030 1354 1162 1418 Israel

319 1444 600 1508 confundetur
614 1451 782 1526 propter
799 1444 1016 1507 consilium
1034 1464 1163 1507 suum.

219 1618 402 1732 ²V1tulus,
432 1620 553 1700 inquit,
583 1620 732 1684 mittetur
753 1620 790 1683 in
813 1640 933 1684 munus
962 1622 1031 1700 regi
1052 1621 1163 1700 Iareb,
1273 1638 1275 1689 t

304 1709 367 1772 Sed
390 1715 448 1791 pro
470 1710 532 1772 hoe
553 1729 687 1773 munere
711 1709 872 1790 quemodo
899 1710 1166 1774 remunerabitur
1274 1766 1275 1785 ,

214 1798 393 1884 Ephraim?
430 1798 517 1872 Quid
540 1798 699 1879 accipiet?
734 1799 980 1874 Confusionem,
1010 1800 1073 1862 hoe
1096 1806 1158 1877 est,

215 1890 407 1953 destituetur
429 1888 550 1951 auxilio
568 1888 603 1948 in
619 1888 778 1968 perieulis,
803 1887 929 1968 peribit.
974 1881 1164 1951 ³Oonfundi

214 1980 303 2042 enim
325 1977 452 2059 preprie
475 1982 538 2053 est,
568 1995 643 2039 eum
674 1989 733 2039 nes
763 1977 847 2039 fallit
879 1996 951 2058 spes
979 1981 1011 2039 et
1037 1976 1165 2040 fiducia.
1273 1982 1275 2059 ᾖ

214 2067 337 2132 auxilii.
387 2061 509 2147 4Igitur
543 2065 688 2129 confusio
723 2064 884 2147 premium
922 2070 970 2128 est
1007 2066 1161 2130 omnium
1273 2062 1275 2116 t

213 2158 437 2232 idolatrarum,
468 2155 658 2218 deseruntur
681 2157 768 2218 enim
790 2155 826 2217 in
849 2155 1014 2236 perieulis,
1044 2161 1077 2219 et
1104 2176 1163 2218 ex·
1266 2193 1275 2240 a,

213 2246 382 2327 pariuntur
403 2243 587 2307 idolatriam
609 2262 678 2306 esse
701 2245 825 2306 fontem
852 2245 1000 2307 omnium
1027 2245 1163 2308 calami—

214 2340 328 2397 tatum.
376 2332 458 2394 Cum
481 2337 624 2408 econtra,
656 2332 713 2412 qui
735 2339 863 2415 ponunt
885 2332 1038 2395 fiduciam
1061 2353 1160 2397 suam
1273 2361 1275 2392 J

213 2421 249 2486 in
271 2423 421 2500 domine,
446 2426 479 2484 et
500 2421 640 2484 retinent
662 2441 752 2486 veros
776 2422 896 2498 cultus,
921 2422 981 2484 etsi
1003 2421 1164 2503 perieulis
1215 2470 1219 2475 ψ

214 2532 318 2576 carere
341 2533 408 2576 non
430 2517 580 2592 possunt,
611 2516 721 2573 tamen
744 2511 888 2574 sentiunt
914 2517 1036 2573 eertum
1067 2511 1162 2574 auxi·

212 2600 304 2665 lium.
351 2601 440 2663 Sicut
461 2599 541 2662 dicit
563 2600 642 2680 psal.
670 2593 741 2661 25.⁵
783 2599 903 2662 Omnes
926 2599 983 2678 qui
1005 2604 1037 2661 te
1060 2619 1161 2681 expe·
1273 2643 1275 2672 ἱ

214 2695 304 2752 etant
326 2709 392 2750 non
416 2687 663 2750 confundentur.
710 2689 792 2750 Psai.
817 2682 889 2750 31.6
937 2688 977 2749 In
1000 2693 1032 2750 te
1061 2708 1163 2769 spere

210 2777 361 2853 domine,
385 2796 453 2837 non
476 2775 655 2862 confundar
676 2776 713 2838 in
736 2783 911 2840 aeternum.
958 2777 1058 2839 Item:
1095 2777 1164 2842 Do-

211 2865 301 2928 mine
325 2878 391 2928 non
413 2863 602 2941 confundar,
627 2865 781 2944 quoniam
796 2872 828 2930 te
844 2866 966 2929 invoco.
1013 2865 1056 2929 nt
1070 2866 1162 2930 Psal.

213 2949 285 3018 37ss
336 2953 400 3030 Qui
423 2959 500 3016 sunt
521 2953 647 3033 integri,
672 2975 738 3017 non
761 2954 999 3017 confundentur
1020 2953 1056 3016 in
1076 2959 1164 3018 tem·

212 3064 290 3124 pore
312 3065 347 3106 m
366 3044 408 3107 lo.
456 3042 519 3104 Sed
541 3042 630 3123 pleni
653 3049 729 3106 sunt
751 3043 982 3125 prophetarum
1003 3042 1079 3106 libri
1101 3043 1164 3108 his

213 3133 390 3196 sententiis.

300 3275 528 3338 xeisus'est
556 3293 626 3336 rex
648 3271 850 3336 Samariae
880 3273 986 3336 sicut
1015 3291 1163 3354 spuma

320 3383 439 3444 super
462 3382 592 3442 aquas.

301 3494 330 3605 n
348 3535 518 3592 samaria·
553 3537 581 3607 2)
600 3537 692 3592 iares.
728 3535 757 3605 3)
778 3535 930 3592 confundi.
961 3533 989 3604 4)
1005 3535 1156 3592 Premium

210 3607 405 3662 idolatrarum.
442 3609 469 3679 5)
488 3609 562 3664 Psal.
582 3607 624 3662 25.
663 3607 690 3678 6)
709 3608 784 3662 Psal.
802 3608 845 3661 31.
884 3607 910 3673 7)
928 3607 1003 3660 Psal.
1024 3605 1069 3660 37.

300 3767 326 3833 ⁶)
344 3769 434 3822 Deest
451 3769 483 3822 in
501 3770 563 3824 coll.
581 3770 642 3824 Ien.
