2575 4225
216 258 280 322 528
491 323 495 330 ,
540 255 673 320 Additio
696 255 829 318 Lutheri
863 271 866 274 ·

215 441 288 498 tum
310 442 367 512 est,
391 455 412 498 a
434 434 553 514 quibus
574 454 633 516 per
653 433 817 497 Christum
838 433 943 498 filium
965 433 1019 498 dei
1042 455 1159 500 sumus
1272 418 1278 463 ¹·

215 525 342 587 liberati
365 531 397 587 et
419 524 587 605 redempti.
633 524 717 586 Nam
734 522 947 603 sinepeocato
963 544 1050 588 mors
1066 527 1159 593 nulla
1270 532 1278 584 t

217 619 313 688 esset,
345 614 428 675 sicut
451 613 530 674 Gen.
557 609 606 674 2.*
632 612 763 674 dicitur:
800 612 1000 692 Quocunque
1030 613 1084 676 die
1108 634 1158 680 eo·
1270 639 1277 689 ς

215 702 368 777 mederis,
399 707 502 764 morte
525 701 685 776 morieris,
718 700 753 764 id
783 707 845 776 est,
874 702 997 781 absque
1024 711 1159 784 peccato
1271 702 1277 757 ἓ

216 791 338 853 viveres
360 790 395 852 in
419 796 593 853 aeternum.
641 790 798 869 corrupta
821 794 930 852 autem
952 797 1069 854 natura
1099 813 1160 874 per
1270 776 1276 831 ξ

216 880 294 942 istas
317 879 516 960 pestilentias
539 885 572 943 et
598 878 703 955 luem,
734 877 767 940 id
798 884 862 954 est,
891 899 948 959 per
976 888 1156 960 peccatum,
1272 952 1276 975 ἓ

217 968 362 1030 subiecta
392 975 442 1031 est
468 968 574 1032 morti.
621 969 664 1031 Et
692 974 730 1031 ut
752 967 870 1030 Paulus
900 967 991 1044 dicit,
1024 969 1159 1036 intravit

216 1078 303 1120 mors
326 1077 383 1138 per
406 1063 574 1139 peccatum
595 1057 631 1118 in
654 1076 766 1119 omnes
789 1056 954 1132 homines,
984 1059 1076 1121 Rom.
1103 1055 1153 1122 5.²
1270 1058 1275 1073 “

214 1146 268 1208 Sic
291 1165 378 1209 mors
400 1153 512 1225 regnat
533 1152 566 1209 et
588 1145 769 1226 triumphat
783 1165 840 1226 per
855 1165 929 1208 suas
945 1147 1156 1226 pestilentias,
1270 1178 1274 1187 ·

186 1250 190 1256 ·
216 1241 250 1297 et
270 1234 416 1298 infernus
439 1256 497 1316 per
519 1254 612 1297 suam
634 1233 731 1310 luem,
755 1253 833 1296 nam
848 1241 1017 1315 peccatum
1032 1241 1082 1298 est
1097 1237 1156 1314 vis,

217 1343 362 1403 regnum,
387 1324 541 1406 potentia,
564 1324 631 1385 imo
654 1323 750 1399 virus,
774 1343 944 1400 venenum,
970 1325 1159 1404 contagium

214 1414 339 1488 mortis,
364 1433 424 1474 nec
446 1413 543 1475 unius
566 1411 701 1491 geneda,
726 1410 783 1474 sed
805 1414 927 1474 multae
942 1413 1157 1493 pestilentiae.

306 1503 418 1577 Porro,
449 1508 555 1580 pestes
577 1501 651 1562 illae
674 1505 708 1562 et
728 1501 797 1563 lues
821 1520 878 1562 seu
904 1508 1088 1583 peccatum,
1121 1509 1160 1566 ut

216 1589 394 1670 plurimum
427 1589 526 1651 habet
559 1608 607 1665 se,
642 1588 731 1652 velut
764 1591 886 1652 cubans
920 1595 953 1652 et
982 1591 1157 1669 dormiens,
1268 1612 1272 1620 ·

114 1757 116 1761 ¹
217 1678 378 1757 quietum,
411 1677 525 1741 sedin
555 1677 692 1754 foribus,
721 1678 804 1742 siout
827 1679 924 1742 Gene.
950 1671 1000 1740 3.²
1029 1679 1157 1758 dicitur,

217 1767 252 1828 id
275 1774 332 1844 est,
357 1787 423 1830 non
446 1767 582 1830 sentitur
605 1782 665 1829 nec
686 1772 867 1848 reputatur,
891 1774 929 1831 ut
950 1768 1100 1832 videmus
1123 1771 1159 1832 in

216 1857 404 1919 hominibus
427 1857 547 1918 securis
569 1862 602 1918 et
624 1856 790 1936 epicureis,
814 1857 913 1919 etiam
936 1857 964 1919 si
978 1857 1041 1920 hoc
1058 1859 1159 1922 modo

217 1943 351 2026 pereant
371 1965 494 2022 omnes,
518 1951 551 2008 et
572 1946 750 2020 moriantur
765 1964 822 2026 per
837 1946 955 2026 ipsum,
978 1946 1054 2010 lieet
1069 1947 1158 2027 igno·
1270 1942 1274 2019 J

217 2039 333 2112 rantes,
358 2036 449 2107 Rom.
467 2030 517 2096 4.*
550 2035 721 2096 Peccatum
743 2054 809 2096 non
824 2033 1056 2115 imputabatur,
1082 2057 1159 2100 cum

218 2145 284 2186 non
307 2130 390 2187 esset
411 2125 479 2201 lex,
504 2124 561 2187 sed
583 2124 729 2203 regnavit
751 2144 837 2187 mors
860 2125 902 2187 ab
924 2123 1031 2186 Adam
1053 2145 1159 2206 usque

218 2212 260 2273 ad
277 2213 399 2289 Mosen,
424 2215 524 2276 etiam
545 2214 581 2274 in
603 2232 667 2289 eos,
692 2212 839 2291 quinon
861 2220 1075 2293 peccaverunt
1097 2222 1158 2279 ete

217 2302 261 2363 Et
282 2302 374 2364 Rom.
399 2299 418 2363 7
423 2298 466 2363 ,³⁸⁰³
511 2302 586 2363 Sine
608 2301 677 2381 lege
700 2307 869 2383 peccatum
891 2308 1057 2365 mortuum
1079 2310 1158 2382 erat,

218 2391 275 2452 sed
298 2411 373 2453 cum
395 2393 536 2455 venisset
557 2390 758 2467 mandatum,
783 2390 899 2454 revixit
921 2396 1100 2471 peccatum.
1263 2396 1270 2425 ²

307 2481 354 2541 De
376 2482 438 2543 hoc
460 2502 528 2543 non
550 2480 656 2559 agitur
678 2481 740 2543 hoc
761 2480 846 2556 loon,
878 2480 935 2543 sed
959 2480 999 2543 de
1025 2488 1160 2562 peccato
1262 2488 1268 2501 “

218 2589 275 2650 per
296 2570 400 2649 legem
423 2571 570 2645 excitato,
593 2569 629 2630 id
652 2574 710 2645 est,
735 2569 870 2647 cognito.
917 2570 989 2653 Hoc
1005 2571 1158 2648 ostendit,

217 2677 287 2720 sese
309 2677 378 2719 esse
401 2658 600 2737 pestilentias
623 2658 745 2733 mortis,
770 2663 802 2721 et
823 2659 911 2720 luem
926 2659 1054 2735 inferni,
1080 2660 1161 2739 quia

217 2745 269 2806 vel
296 2745 439 2806 irritatur
466 2752 499 2807 et
525 2746 604 2808 furit
630 2746 749 2824 magis,
780 2747 892 2809 odiens
920 2748 1025 2827 legem
1051 2750 1159 2829 prohi-

217 2834 363 2909 bentem,
396 2833 479 2896 sicut
505 2833 637 2895 dicitur:
678 2828 838 2898 ³Nitimur
866 2835 901 2898 in
930 2836 1068 2899 vetitum
1097 2844 1158 2901 etc.

217 2923 268 2985 vel
291 2922 381 2986 ducit
403 2922 445 2985 ad
467 2923 724 3005 desperationem
739 2930 770 2985 et
789 2924 1034 3006 blasphemiam,
1059 2945 1160 2990 sensu

217 3011 283 3072 irae
306 3011 367 3073 dei.
413 3012 465 3074 Ita
487 3014 714 3093 fitpeccetum
737 3014 992 3093 supramodum
1008 3034 1159 3096 peccans,

218 3120 354 3180 operans
377 3121 507 3185 omnem
530 3102 825 3183 concupiscentiam
847 3102 883 3165 in
909 3102 1017 3179 nobis,
1045 3109 1078 3167 et
1110 3125 1159 3169 oc·

218 3188 329 3251 cidens
352 3209 409 3270 per
431 3191 632 3267 mandatum,
657 3191 713 3252 Rc.
739 3188 769 3253 7,

222 3345 224 3349 ,
307 3278 376 3340 Has
399 3279 479 3342 duas
502 3280 623 3342 formas
645 3279 769 3359 peceati
794 3279 900 3359 tangit
925 3280 1056 3361 spiritus
1086 3282 1160 3347 istis

309 3490 335 3556 1)
355 3490 436 3544 Rom.
455 3488 480 3543 5.
517 3490 545 3558 2)
565 3490 653 3545 Gene.
673 3489 698 3543 3.
735 3489 764 3557 3)
784 3490 834 3545 Ro.
855 3490 879 3543 7.

222 3720 226 3732 ,
309 3666 334 3733 ·)
354 3668 389 3720 In
407 3682 495 3733 marg.
514 3667 576 3721 coll.
595 3668 672 3722 Ion:
696 3668 784 3723 Gens.
803 3667 828 3721 2.
866 3666 906 3734 ”)
926 3668 962 3721 In
980 3683 1068 3735 marg.
1094 3684 1117 3723 ct

219 3739 294 3833 iem:
314 3740 396 3791 Rom.
414 3737 440 3790 4.
477 3738 532 3806 ⁶**)
551 3740 588 3792 In
605 3754 693 3806 marg.
713 3740 774 3793 coll.
793 3739 867 3795 len:
886 3740 968 3793 Rom.
988 3739 1011 3793 7.
