2575 4225
514 280 750 361 Prolegomsna.
1039 281 1099 344 141

159 459 297 522 ultimae
321 456 502 535 ,AA—GG‘
526 458 671 538 signatae
699 465 783 522 sunt.
830 457 1004 521 Adduntur
1025 459 1101 522 huic

162 547 299 611 editioni
320 547 457 623 indices,
482 546 540 626 qui
569 546 687 610 desunt
712 547 749 610 in
778 545 918 612 editione
945 546 1099 629 principe.

162 637 341 700 Contentus
374 636 660 717 adnotationesque
694 637 887 718 marginales
921 642 1103 716 congruunt

161 746 237 789 cum
259 725 325 801 illa,
350 725 408 788 sed
429 725 511 787 liber
533 726 678 788 exomni
698 731 788 807 parte
803 725 1001 806 negligenter
1015 726 1102 807 typis

161 815 344 896 exscriptus
380 820 437 878 est.
490 814 578 876 Inter
615 815 884 878 commentarium
921 821 954 878 et
987 815 1101 897 princi·

161 904 252 985 pales
273 904 360 966 locos
382 903 603 985 typographus
632 910 757 985 partem
779 904 949 967 verborum
975 904 1041 966 iam
1067 904 1103 966 ln

5 1043 11 1055 .
125 1009 130 1013 ’
162 993 277 1055 eadem
299 992 430 1074 plagula
456 992 543 1072 typis
570 992 804 1073 exscriptorum
834 992 952 1055 iterum
982 993 1101 1054 immis-

163 1081 231 1144 cuit
246 1081 337 1143 omni
352 1100 449 1158 sensu
464 1100 501 1142 eo
515 1081 585 1144 loco
601 1087 771 1157 carentem,
797 1081 917 1144 scilicet
937 1083 956 1143 8
971 1081 1103 1144 ultimos

163 1189 275 1232 versus
290 1189 332 1232 ex
347 1169 401 1232 fol.
420 1169 484 1232 223
501 1169 636 1248 (verso):
661 1169 812 1245 ,Mirabili
828 1205 871 1213 -
887 1173 996 1233 autem
1012 1170 1101 1231 min·‘

163 1263 196 1320 et
229 1264 394 1340 praeterea
426 1259 551 1321 inverse
585 1278 741 1321 excusum
769 1277 897 1321 versum
925 1258 1103 1339 secundum

161 1347 232 1411 folii
256 1348 321 1410 228
351 1347 475 1427 (versi):
509 1353 551 1423 ‚et
579 1367 658 1409 sana
687 1350 756 1410 etc‘
804 1347 978 1429 Exemplar
1006 1347 1103 1410 huius

162 1435 313 1499 editionis
328 1442 418 1499 extat
432 1435 467 1497 in
482 1399 679 1499 Iibliotheca
694 1436 853 1500 senatoria
864 1436 1104 1516 Hamburgensi

162 1525 272 1604 (Rcat.
297 1525 333 1587 Ο.
358 1528 396 1586 A.
420 1525 479 1588 IX.
503 1545 555 1587 no.
581 1525 680 1602 582).

255 1613 431 1677 contextus
455 1613 607 1676 editionis
629 1614 785 1695 principis
808 1613 962 1694 repetitur
985 1614 1020 1676 in
1043 1614 1102 1676 col-

162 1702 310 1766 lectionis
332 1723 467 1783 operum
481 1703 614 1765 Lutheri
636 1703 811 1765 latinorum
826 1700 1102 1782 Vuittember'gen-

164 1793 207 1855 sis
230 1798 319 1856 tomo
341 1792 398 1854 IV.
423 1813 455 1873 p.
480 1792 571 1867 391„
602 1791 748 1854 Ienensis
778 1797 866 1854 tomo
888 1792 944 1852 IV.
966 1788 1000 1871 p.
1027 1791 1101 1854 598.

163 1880 202 1942 In
232 1880 530 1960 Vuittembergensi
569 1880 780 1944 inveniuntur
807 1885 840 1942 et
873 1879 1008 1961 epistola
1035 1881 1104 1942 Viti

164 1968 325 2032 Theodori
348 1968 544 2032 dedicatoria
565 1975 598 2030 et
619 1968 722 2033 versio
738 1968 864 2048 Hoseae
886 1968 932 2031 lat
932 1968 996 2042 ina,
1021 1986 1103 2049 quae

164 2058 199 2121 in
220 2058 352 2122 Ienensi
375 2057 607 2122 desiderantur.

253 2147 560 2211 Commentarium
551 2168 588 2209 ιιι
609 2147 756 2227 linguam
778 2145 995 2249 germanicam
1009 2146 1105 2210 vertit

164 2209 345 2301 Fridericus
368 2236 590 2300 Draokstedt
546 2240 616 2299 rtn
639 2255 736 2298 usum
751 2234 872 2299 collect
849 2236 947 2299 tronis
970 2254 1104 2318 operum

164 2325 424 2429 germanicorum
455 2345 590 2407 operum
618 2324 752 2388 Lutheri
782 2324 862 2387 Vuit
848 2326 1102 2405 ttembergensis‚

165 2415 258 2478 cuius
280 2415 316 2477 in
339 2420 427 2477 tomo
450 2414 539 2476 VIII.
564 2435 596 2495 p.
622 2414 697 2476 233.
720 2413 846 2493 legitur.

253 2504 422 2585 Repetitur
443 2502 610 2566 translatio
633 2502 817 2583 germanica
845 2501 881 2563 in
910 2500 1104 2564 collectionis

163 2592 430 2671 Altenburgensis
457 2598 545 2655 tomo
574 2589 663 2653 VIII.
695 2612 727 2671 p.
758 2590 832 2653 593.
868 2596 900 2653 et
927 2590 1104 2672 Lipsiensis

163 2688 253 2745 tomo
276 2682 366 2743 VIII.
397 2701 429 2761 p.
457 2682 497 2757 1.,
526 2680 611 2742 male
638 2698 712 2743 vero
740 2678 842 2743 versio
871 2679 1016 2743 confecta
1046 2686 1103 2755 est,

162 2768 293 2851 quade
316 2789 430 2832 caussa
452 2769 491 2830 D.
515 2768 681 2832 Walchius
705 2787 778 2830 eam
801 2789 866 2831 non
889 2788 968 2850 pure
985 2768 1106 2850 recepit

163 2858 222 2923 sed
245 2858 467 2938 corrigendam
490 2858 628 2934 curavit,
659 2863 832 2920 correctam
855 2863 964 2919 autem
988 2857 1023 2919 in
1046 2857 1105 2920 col·

164 2948 315 3012 lectionis
338 2966 415 3010 suae
437 2952 564 3009 tomum
585 2947 642 3008 VI.
667 2967 700 3027 p.
726 2944 821 3009 1496.
846 2944 977 3025 redegit.

253 3036 387 3099 Additio
408 3036 542 3098 Lutheri
556 3056 622 3098 non
638 3055 658 3096 a
672 3032 894 3097 Drackstedtio
909 3034 945 3095 in
959 3034 1105 3113 linguam

163 3126 383 3207 germanicam
405 3144 497 3189 versa
518 3129 583 3201 est,
618 3124 710 3204 quia,
747 3128 784 3185 ut
770 3121 931 3185 tdicunt
957 3121 1024 3184 edit
1010 3127 1103 3198 t‚ores

162 3213 400 3295 argumentatio
439 3233 505 3277 non
542 3174 669 3295 pdpulo
705 3211 762 3274 sed
807 3211 956 3275 subtilius
1003 3210 1104 3275 doctis

163 3309 277 3367 carata
309 3293 452 3379 videtur,
491 3322 590 3383 quam
624 3302 666 3364 ob
701 3321 769 3363 rem
808 3301 905 3365 etiam
943 3299 1033 3364 deest
1019 3300 1105 3363 tin

165 3390 407 3456 adlectionibus
441 3396 510 3454 tam
540 3389 835 3469 Vuittembergcnsi
868 3409 967 3469 quam
997 3389 1052 3450 Alt
1038 3393 1103 3450 ten·

169 3481 327 3561 burgensi.
375 3479 438 3542 Sed
460 3480 504 3543 M.
528 3481 689 3542 Iohannes
704 3479 840 3541 Iacobus
857 3476 1007 3540 Greiffiua
1031 3497 1104 3539 eam

169 3570 259 3633 vertit
281 3570 318 3632 in
334 3589 431 3632 usum
447 3568 641 3632 collectionis
656 3568 842 3650 Lipsiensis,
859 3566 950 3629 cuius
966 3566 1000 3627 in
1016 3572 1103 3629 tomo

169 3658 253 3721 VIII.
278 3680 311 3741 p.
339 3658 412 3722 Ϊ50.
435 3658 561 3737 legitur.
607 3657 646 3719 D.
663 3656 829 3720 Walchius
851 3656 935 3719 hanc
950 3654 1101 3735 interpre-

177 3748 321 3812 ationem
344 3744 552 3829 repetendam
575 3744 698 3809 curavit
720 3744 756 3807 in
778 3751 865 3809 tomo
881 3746 936 3808 VI.
953 3766 985 3827 p.
1005 3744 1100 3807 2044.
