2575 4225
427 293 554 357 Hoseae
577 293 761 375 prophetae.
1004 291 1065 354 155

126 490 183 551 per
206 469 354 551 gladium
377 471 540 553 principes
556 491 677 547 eorum,
702 475 831 552 propter
846 470 987 534 furorem
1009 471 1065 534 Iin-

6 588 7 645 3
38 566 42 570 “
127 579 206 640 guae
231 579 319 622 suae.
366 561 406 622 In
429 566 513 624 terra
534 560 682 641 Aegypti
696 559 835 622 ludibrio
859 565 961 623 eru'nt.

551 847 639 909 VIII.

315 970 427 1032 Prima
449 973 552 1034 condo
575 971 618 1032 ad
638 993 767 1051 regnum
788 970 879 1036 Iuda.

6 1079 7 1158 i
129 1097 312 1223 ¹Anmove
328 1113 376 1176 ori
391 1119 447 1176 tuo
462 1113 585 1177 tubam.
624 1115 726 1176 Assur
741 1112 825 1175 sicut
840 1113 947 1193 aquila
963 1112 1069 1176 veniet

213 1222 313 1284 super
328 1201 463 1265 domum
474 1203 608 1279 domini,
621 1201 776 1283 quoniam
788 1202 978 1282 transgressi
992 1209 1068 1265 sunt

6 1310 8 1331 f
124 1297 257 1372 paetum
281 1309 401 1367 meum,
437 1298 470 1354 et
502 1292 614 1372 inique
649 1295 783 1372 egerunt
819 1298 930 1354 eontra
963 1291 1066 1372 Iegem

123 1401 241 1442 meam.
281 1379 335 1443 Ad
357 1401 410 1442 me
426 1381 624 1444 clamabunt:
642 1381 722 1444 deus
737 1399 838 1456 meus,
864 1381 1066 1461 agnoscimus

125 1473 157 1531 te
180 1490 200 1532 0
224 1469 333 1532 Israel.

307 1770 417 1834 Altera
439 1774 541 1834 aeneio
562 1773 606 1834 ad
626 1795 753 1853 regnum
774 1771 883 1834 Israel.

6 1951 22 2014 s
131 1926 144 1964 ²
179 1932 267 1997 srael
290 1930 408 1994 deserit
429 1931 547 2008 locum,
571 1932 724 1994 inimicus
751 1936 959 2014 persequetur
981 1949 1066 1991 eum.

197 2021 266 2102 Ipsi
290 2020 492 2084 constituunt
513 2041 612 2100 reges,
638 2012 777 2084 sednon
800 2040 857 2101 per
879 2039 941 2082 me.
989 2017 1066 2081 Con·

17 2178 32 2205 ι
125 2109 266 2174 stituunt
294 2109 473 2192 principes,
505 2109 562 2173 sed
589 2130 642 2172 me
671 2108 842 2173 nesciente,
888 2109 1068 2188 Argentum

126 2206 159 2263 et
181 2220 299 2261 aurum
322 2220 427 2275 suum,
451 2200 597 2262 fecerunt
619 2198 682 2262 sibi
702 2205 740 2262 ut
754 2205 862 2262 essent
876 2198 971 2273 idola,
994 2197 1067 2260 ideo

124 2287 348 2351 excindantur.
395 2288 499 2351 Eieeit
525 2294 556 2351 te
580 2288 701 2351 vitulus
730 2309 749 2351 0
773 2287 930 2364 Samaria,
960 2288 1066 2349 inean-

124 2377 198 2444 duit
221 2377 312 2440 furor
333 2397 425 2439 meus
454 2377 489 2439 in
520 2397 582 2440 eos.
629 2378 702 2440 Non
732 2382 885 2459 poterunt
913 2383 1067 2457 perpetuo

8 2471 9 2513 ἓ
122 2467 314 2529 innoeentes
338 2486 416 2529 esse.
462 2466 545 2528 Nam
576 2486 617 2528 ex
643 2466 743 2528 Israel
773 2471 822 2528 est
849 2465 969 2529 vitulus
995 2462 1065 2539 iste‘,

124 2554 244 2619 artifex
266 2554 344 2617 feeit
371 2575 462 2631 eum,
494 2575 599 2634 neque
629 2562 678 2618 est
705 2554 784 2616 deus
812 2554 892 2617 ista·
928 2552 1005 2614 Ideo
1032 2552 1068 2615 in

8 2644 9 2697 ἶ
122 2644 246 2706 frustra
274 2644 511 2706 comminuetur
539 2643 659 2707 vitulus
689 2642 860 2707 Samariae.
908 2642 1067 2716 Quoniam

9 2779 10 2820 3
123 2739 261 2796 ventum
277 2733 448 2809 seminant,
469 2738 592 2796 metent
606 2738 847 2814 tempestatem:
872 2732 987 2794 Nullus
1005 2731 1066 2793 eul-

9 2857 10 2900 ;
122 2825 198 2885 mus
214 2822 406 2897 Invenietur,
427 2842 486 2883 nee
502 2842 633 2901 germen
649 2822 736 2902 quod
752 2822 891 2884 farinam
906 2821 1012 2896 faciat,
1037 2827 1069 2883 et

9 2931 11 2988 t
122 2917 237 2974 tamen
260 2910 289 2973 si
311 2910 392 2973 forte
415 2909 526 2973 feeerit
548 2910 696 2987 farinam,
726 2911 822 2972 alieni
845 2929 917 2971 eam
941 2907 1067 2971 devora·

9 3027 19 3072 r,
123 3000 216 3063 bunt.
264 3000 364 3063 Israel
391 2998 574 3075 devoratur,
611 3005 644 3063 et
672 2999 749 3062 faeti
778 2998 845 3059 iam
875 3001 952 3059 sunt
985 2996 1068 3058 inter

9 3087 11 3144 ἔ
124 3095 238 3169 gentes
260 3094 418 3167 tanquam
437 3108 493 3151 vas
509 3087 596 3167 quod
612 3109 709 3150 nemo
728 3088 806 3151 vult.
845 3085 1069 3149 Ascenderunt

10 3221 11 3224 κ
123 3179 213 3240 enim
229 3176 272 3240 ad
287 3178 398 3253 Assur,
416 3176 537 3239 similes
553 3177 672 3239 erranti
688 3176 782 3238 ferae.
822 3174 981 3255 Ephraim
996 3194 1066 3236 eon-

10 3285 11 3305 *
123 3265 215 3330 ducit
245 3271 414 3329 amatores.
444 3259 570 3328 ³Etiam
602 3270 713 3345 gentes
748 3260 907 3329 conducit.
953 3264 1067 3342 itaque

214 3564 243 3633 1)
271 3563 449 3619 Vaticinium
481 3564 518 3618 de
546 3564 619 3617 Iuda
647 3580 708 3632 per·
723 3564 875 3632 Assyrium
905 3560 1067 3629 affligenda,

172 3634 324 3689 liberando
342 3636 468 3705 tandem,
488 3635 556 3702 quia
574 3636 611 3689 ad
630 3635 781 3689 dominum
800 3635 911 3688 elamat.
948 3632 977 3700 2)
990 3633 1067 3686 Vati·

166 3707 235 3760 nium
262 3706 299 3760 de
316 3707 424 3760 Israele
450 3707 567 3774 penitus
590 3706 731 3761 vastando
752 3708 873 3775 'propter
895 3702 1066 3759 idolatriam.

171 3778 321 3831 Praesidia
338 3778 466 3831 humana
482 3777 604 3831 inutilia.
