2575 4225
441 245 541 308 Oreae
563 244 748 325 prophetae.
1018 250 1058 311 41

122 422 336 503 pretationem
351 420 553 501 Hieronymi.
600 420 794 502 Intelligitur
816 420 857 485 de
875 423 1063 487 reductione

122 530 224 575 novae
247 516 281 575 et
301 509 478 593 spiritualis
501 510 698 591 captivitatis
721 515 780 575 eto.
826 510 889 573 Sed
912 532 953 574 ex
968 512 1062 589 Iuda,

121 598 157 661 id
187 606 251 662 est:
285 606 322 662 tu
355 599 490 661 habebis
523 598 658 677 gloriam
685 598 852 679 Evangelii
881 608 914 664 et
942 602 1064 665 multos

126 694 291 752 convertes
314 686 356 750 ad
379 694 410 751 te
433 693 492 750 stc.
518 721 560 731 -

323 875 492 960 Sequitur
515 880 621 963 capnt
644 875 855 963 Septimum.

210 1008 284 1075 §aas
305 1004 340 1089 ἰῇ
362 1003 428 1085 aad
457 1004 501 1071 eia
516 1005 622 1088 tofta
645 1004 754 1088 conat.
800 1005 967 1071 Sententia
992 992 1063 1071 bre-

5 1090 8 1151 ΐ
120 1098 202 1160 viter
225 1102 287 1172 est,
318 1094 446 1159 videtur
475 1096 537 1158 hoc
567 1113 661 1174 agere
692 1094 780 1174 quod
807 1115 882 1158 cum
904 1097 1063 1159 hactenus

120 1185 311 1266 corripuerit
326 1188 359 1246 et
380 1184 525 1246 fortassis
541 1184 751 1248 convertisset
766 1183 807 1246 ad
827 1185 1062 1264 poenitentiam

120 1281 152 1337 et
162 1293 273 1353 regem
285 1278 317 1335 et
328 1273 495 1353 populum,
513 1272 569 1334 sed
581 1279 753 1336 occurrunt
763 1273 1063 1355 pseudoprophetae

122 1363 180 1443 qui
202 1362 332 1425 irritant
354 1362 511 1443 populum
535 1367 645 1424 contra
667 1361 790 1425 bonum
813 1363 1006 1444 prophetam
1029 1369 1064 1425 et

122 1452 249 1514 faciunt
271 1450 406 1515 verbum
429 1451 556 1511 irritum
580 1456 617 1512 ut
638 1470 726 1513 nunc
748 1470 878 1531 quoque
901 1451 946 1513 fic.
986 1451 1065 1514 Post

121 1541 183 1603 hoc
206 1539 297 1603 venit
317 1537 360 1621 tif
382 1536 543 1621 buthnetsst'
571 1538 608 1601 fit
630 1539 732 1620 pistor
754 1540 805 1603 vel
827 1541 947 1621 pinsor.
971 1560 1003 1619 q.
1028 1539 1060 1602 d.

121 1629 236 1693 vestris
259 1627 412 1691 doctrinis
435 1627 581 1691 efficietis
608 1633 645 1690 ut
673 1629 812 1709 populus
838 1628 941 1691 irritet
963 1628 1062 1690 deum

122 1718 164 1780 ad
186 1718 271 1779 iram
294 1723 327 1779 et
348 1717 405 1779 fiat
427 1716 584 1797 Ephraim
612 1716 653 1778 de
683 1736 748 1796 quo
769 1715 945 1780 manducet
967 1718 1061 1797 Assy-

122 1808 189 1869 rius
213 1812 272 1868 etc.
298 1840 340 1849 -

160 1991 164 1995 .
456 1928 574 1991 Sonare
596 1929 723 2006 vellem,

123 2036 245 2098 scilicet
273 2054 331 2118 per
358 2037 530 2118 prophetas
560 2055 663 2113 meos,
692 2036 733 2098 ab
761 2031 966 2121 ido[lo]latria
1000 2030 1062 2121 [In-

123 2144 236 2206 super:
267 2125 388 2189 scilicet
403 2126 444 2188 ad
460 2123 713 2206 poenitentiam,
737 2123 814 2206 hott
836 2122 902 2206 Ῐῷὶτ
923 2139 971 2206 acu
992 2124 1063 2205 redi

122 2213 293 2295 Brochthoi
316 2213 421 2292 notae,
445 2214 501 2278 sed
524 2215 687 2296 principes
710 2213 872 2276 Samariae
894 2211 995 2294 ridden
1017 2211 1064 2279 ein

121 2311 209 2369 trust
233 2302 343 2386 haslud
364 2319 416 2381 stt,
447 2321 568 2367 novum
590 2303 798 2365 mendacium
820 2303 986 2366 instruunt
1007 2323 1063 2384 po·

122 2393 248 2473 pulum,
274 2391 437 2471 quomodo
460 2391 576 2455 debeat
598 2411 632 2454 se
654 2392 772 2455 habere
795 2412 869 2472 ergo
892 2392 1062 2454 dominum

123 2488 156 2544 et
186 2479 350 2560 quomodo
378 2500 493 2562 pacem
521 2486 678 2561 quaerant
707 2481 749 2543 ab
779 2481 919 2560 Assyrio.
966 2500 1063 2542 nemo

123 2569 218 2632 docet
240 2569 398 2649 populum
421 2574 459 2632 ut
480 2568 560 2631 fidat
582 2569 665 2630 mihi
687 2575 746 2632 etc.

496 2728 539 2790 Et
561 2728 613 2790 fur
635 2733 695 2790 etc.

215 2834 256 2896 ad
279 2835 397 2915 impios
421 2833 565 2897 doctores
588 2833 717 2896 videtur
745 2833 827 2894 mihi
855 2834 918 2896 hoc
947 2835 1064 2897 referre

124 2924 296 3004 propheta,
324 2924 360 2984 in
383 2922 533 3002 angelum
555 2922 636 2985 lucis
660 2921 812 2984 transfert
840 2941 873 2983 se
896 2930 954 2984 eto.
979 2922 1064 3004 gehen

123 3009 203 3090 bitte
235 3008 350 3094 butem,
387 3011 441 3077 tub
469 3011 583 3076 mathat
611 3008 726 3090 [tacut.
786 3011 884 3072 etiam
921 3011 1000 3072 furti
1031 3018 1064 3073 et

124 3099 285 3163 latrocinii
308 3120 361 3163 eos
384 3107 527 3176 accusat,
558 3101 604 3163 sic
631 3098 673 3162 de
699 3099 816 3161 nostris
846 3099 1064 3162 sacerdotibus

125 3188 230 3252 dicere
252 3209 395 3270 possum,
420 3188 506 3251 fures
521 3188 754 3269 ingrediuntur,
778 3187 918 3252 latrones
933 3195 1062 3264 exeunt,

125 3283 237 3341 contra
259 3279 396 3340 'lincam
419 3277 564 3339 dandum
587 3283 647 3340 eto.
694 3277 737 3340 Et
758 3297 825 3340 non
853 3276 996 3356 loquitur
1023 3276 1065 3337 de

153 3367 314 3430 'rersarfis
337 3366 394 3447 qui
409 3372 572 3447 utcunque
588 3366 813 3447 ingrediuntur
835 3371 894 3428 etc.
939 3365 1064 3444 Impiae

173 3453 1064 3534 ctrinaeetinconscientiaetinsubstantiaperdunt.—

219 3539 273 3607 ¹id
296 3549 359 3607 est:
383 3563 425 3606 ne
448 3543 591 3622 cogitant
613 3544 747 3624 quidem
769 3563 823 3605 me
845 3541 966 3603 habere
989 3546 1065 3603 ante

178 3667 341 3678 -.--—-——

213 3717 240 3785 1)
259 3733 287 3773 v.
306 3715 331 3769 2.
