2575 4225
472 247 571 311 Ozeae
594 246 780 328 prophetae.
1053 248 1095 311 25

505 424 637 505 Propter
659 417 750 487 hoc¹

245 532 352 593 Poena
374 536 432 593 est.

555 653 694 735 Lugebit

151 767 206 824 eet
215 760 436 842 metaphorica
445 760 575 837 locutio,
588 759 698 824 idest:
716 759 922 838 desolabitur,
935 759 1096 841 redigetur

152 850 193 911 in
215 869 370 929 magnam
393 850 572 930 penuriam,
596 849 651 914 too
673 848 753 914 turbt
775 847 841 915 utut
863 846 908 915 riu
928 846 1095 932 iemmcttrt

151 936 275 1019 octuber
298 935 451 1021 gauberto,
473 935 540 1005 mitt
562 936 623 1004 utel
643 938 788 1020 mador.

506 1097 738 1162 Infirmabitur.

245 1203 387 1284 loquitur
409 1203 449 1267 de
471 1204 615 1268 vindicta
641 1204 677 1266 in
699 1210 798 1281 terra,
828 1203 863 1266 id
885 1209 948 1267 eet:
978 1203 1094 1284 depau-

150 1293 330 1375 potabitur,
353 1291 527 1371 minuetur,
550 1291 617 1359 mitt
631 1291 751 1376 obgebeu
764 1293 818 1357 but
834 1290 919 1375 bleba,
942 1292 992 1355 vel
1007 1292 1095 1373 quod

151 1401 224 1444 non
247 1380 399 1445 foetificet
427 1382 532 1445 beotia
565 1382 616 1446 vel
651 1380 739 1462 quod
766 1387 856 1463 peste
887 1380 1005 1462 peribit
1032 1386 1091 1445 etc.

150 1469 347 1533 Dominium
368 1470 511 1535 hominio
534 1471 707 1533 minuetur.

480 1630 776 1711 Congregabuntur,

149 1735 308 1800 tollentur
319 1736 443 1813 melino,
456 1734 618 1820 ειεῇταῇεπ,
630 1743 669 1801 ut
682 1756 743 1799 nec
757 1736 861 1818 pisces
872 1755 932 1799 neo
943 1734 1095 1798 animalia

119 1874 123 1887 .
150 1844 216 1888 nec
237 1825 380 1887 volucres
403 1825 526 1889 sintin
548 1829 641 1889 terra.
688 1825 780 1890 finire
802 1832 851 1888 eet
876 1825 912 1887 in
933 1824 1093 1889 hebraico.

151 1933 206 1997 pe.
231 1932 272 1975 ne
296 1922 468 1994 congreges
490 1934 543 1978 me
567 1934 642 1977 cum
664 1914 896 1997 peccatoribus.

427 2145 430 2150 ,
462 2074 686 2151 Veruntamen
709 2067 788 2137 etc.¹

251 2185 462 2245 veruntamen
490 2200 586 2244 nemo
614 2180 802 2258 contendat,
833 2187 984 2262 arguatur
1011 2181 1094 2261 quis·

154 2290 261 2352 quam
283 2270 408 2347 melius,
432 2268 582 2351 muniuit
604 2268 668 2351 Situ
689 2267 761 2350 uitbt
782 2268 880 2354 bunut,
904 2270 1000 2334 sicin
1015 2269 1093 2332 an:

152 2359 371 2440 loqueremini
392 2357 486 2422 nobis
508 2358 678 2440 placentia.

611 2520 676 2563 ura.

248 2606 420 2688 respondet
441 2500 612 2688 prophetaii
655 2605 698 2686 bb
724 2604 758 2690 tp
784 2603 829 2672 eiu
851 2603 919 2686 lultb
942 2602 1012 2670 bold
1040 2604 1097 2684 qui

153 2697 410 2760 denunciantem
432 2700 465 2758 et
487 2701 676 2774 arguentem
699 2701 827 2776 arguat,
850 2698 1012 2776 retorquet
1032 2713 1097 2758 ver·

34 2819 37 2826 ⁴
153 2787 240 2848 bum
262 2790 356 2848 tuum
379 2785 415 2847 in
437 2804 473 2848 os
496 2788 601 2846 tuum.

392 2945 395 2950 ·
474 2926 582 2990 Hodie
605 2933 638 2991 et
660 2919 784 3003 nocte‚⁸
956 2989 959 2996 ,

154 3032 282 3097 idest:
313 3033 402 3097 brevi
430 3029 494 3110 baut
521 3032 588 3098 ubet
616 3048 735 3116 morgen
764 3029 860 3114 tobim
882 3027 1018 3112 bittinum
1043 3027 1099 3094 tub

156 3118 228 3188 mitt
250 3119 295 3186 tir
316 3119 388 3202 uirbt
410 3120 547 3204 gebotffeu
568 3121 687 3187 nubere.

471 3297 473 3302 ·
548 3264 718 3346 Propheta.

250 3369 354 3432 filium
370 3367 522 3450 intelligit
541 3370 599 3450 qui
614 3374 740 3432 corruet
754 3373 813 3432 etc.
850 3374 882 3431 et
897 3388 964 3430 non
977 3365 1102 3445 lugebit

174 3452 335 3628 13?qu
369 3473 440 3524 uror
462 3456 533 3539 uidit
554 3473 603 3541 geu
624 3457 707 3541 lagu
728 3455 777 3540 itt,
807 3458 870 3523 tem
899 3454 934 3538 ilt
961 3451 1033 3535 nidi
1053 3469 1102 3536 tm

174 3564 192 3612 le
229 3563 303 3613 ene
338 3595 344 3609 .

251 3720 279 3789 1)
295 3738 322 3778 v.
338 3719 364 3774 3.
392 3719 421 3790 2)
441 3738 467 3776 v.
481 3719 507 3774 4.
535 3719 564 3790 3)
577 3738 603 3776 v.
617 3719 641 3775 5.
670 3719 699 3791 4)
717 3719 824 3789 Incipit
832 3717 880 3774 fol.
892 3718 952 3773 112.
962 3719 995 3771 B.
1005 3714 1101 3771 usui.
1159 3785 1161 3787 ‚
