2575 4225
432 249 767 351 Hoseaefprophetae.
1010 274 1071 336 159

225 443 405 510 ¹Seminate
427 447 519 511 vobis
542 446 584 508 ad
606 447 775 524 iustitiam,
799 454 831 510 ot
853 429 964 512 metite
979 450 1071 514 bene·

130 537 303 604 fluentiam.
350 538 447 598 Arate
474 535 565 600 vobis
594 535 721 613 sedulo,
751 542 878 618 tempus
908 539 995 600 enim
1025 546 1074 604 est

130 625 308 706 quaerendi
330 625 510 700 dominum,
534 624 637 687 donec
659 626 768 689 veniat
787 633 820 689 ot
834 627 967 708 depluat
981 629 1072 692 vobis

8 748 10 785 ι
129 715 298 778 iustitiam.
356 713 419 776 Sed
457 714 570 776 arastis
608 713 823 795 impietatem,
867 716 1072 797 iniquitatem

128 804 320 880 messuistis,
344 802 528 865 comedistis
551 803 694 865 fructum
708 803 880 881 mendacii,
905 806 982 885 quia
1001 826 1070 868 con-

8 893 9 911 *
129 893 211 955 fisus
242 912 277 955 es
306 893 341 954 in
368 891 421 955 via
453 898 526 968 tua,
561 897 594 954 et
627 891 663 952 in
697 893 905 956 multitudine
940 895 1072 958 fortium

128 987 269 1045 tuorum.
321 975 542 1043 2llxcitabitur
567 980 667 1060 igitur
695 982 853 1044 tumultus
883 981 919 1044 in
952 984 1072 1065 populo

128 1077 199 1146 tuo,
225 1077 259 1133 et
281 1088 393 1132 omnes
416 1070 612 1131 munitiones
635 1075 710 1132 tuae
733 1071 960 1148 vastabuntur,
990 1073 1073 1138 siout

8 1219 9 1228 ,
128 1159 261 1221 Salman
284 1159 423 1223 vastavit
444 1159 579 1221 domum
602 1158 718 1220 Arbeel
740 1164 885 1240 tempore
909 1160 985 1223 belli
1008 1181 1072 1241 quo

8 1270 9 1310 t
127 1255 232 1311 mater
255 1267 331 1310 cum
353 1247 461 1310 liberis
476 1267 543 1309 una
558 1247 668 1310 collisa
683 1253 740 1310 est.
779 1248 819 1310 In
833 1249 922 1310 hunc
936 1249 1071 1312 modum

8 1320 9 1361 ³
109 1337 226 1401 *faciet
248 1337 341 1401 vobis
363 1338 445 1400 Beth
469 1336 525 1413 ul,
556 1341 687 1418 propter
714 1338 880 1417 ingentem
910 1338 1071 1402 maliciam
1193 1349 1205 1364 “

8 1444 9 1523 ᾗ
127 1432 279 1490 vestram.
327 1426 396 1487 Rex
418 1426 516 1488 Israel
540 1425 646 1488 subito
669 1426 799 1506 penitus
822 1427 1018 1491 excindetur.

571 1710 629 1771 XI.

8 1904 10 1927 ‚
86 1864 91 1873 ·
131 1846 241 1962 Ὃνω
270 1851 369 1914 lsrael
397 1871 477 1933 puer
505 1858 605 1929 esset,
635 1852 809 1933 diligebam
844 1873 933 1930 eum,
970 1861 1002 1917 et
1030 1875 1071 1916 cx

8 1982 9 1989 κ
207 1943 357 2022 Aegypto
382 1941 536 2004 vocabam
559 1961 643 2004 eum.
690 1943 893 2005 Vocaverunt
920 1963 973 2005 eos
1002 1964 1069 2024 pro·

127 2031 256 2111 phetae,
281 2029 338 2092 sed
357 2030 505 2093 abierunt
520 2051 540 2092 a
554 2030 635 2092 facio
651 2031 789 2107 illorum,
815 2031 1071 2094 sacrificaverunt

8 2145 10 2201 ζ
127 2120 245 2183 statuis
279 2120 371 2197 Baal,
407 2125 439 2183 et
472 2120 659 2183 obtulerunt
692 2113 823 2182 incensa
857 2121 1068 2203 sculptilibus.

8 2207 10 2284 ζ
126 2210 197 2289 Ego
220 2208 318 2271 docui
341 2210 498 2290 Ephraim
520 2209 661 2289 ingredi,
693 2215 806 2273 tenens
829 2210 961 2273 brachia
990 2211 1068 2288 eius,

8 2293 9 2365 i
96 2326 102 2333 ·
126 2303 295 2360 ettamen
318 2318 383 2360 non
406 2303 633 2378 cognoverunt,
658 2298 746 2379 quod
769 2319 827 2378 ego
843 2319 990 2362 sanarem
1006 2320 1068 2363 eos.

125 2387 277 2450 Funibus
299 2387 440 2450 hominis
464 2388 548 2452 traxi
570 2408 638 2464 eos,
665 2393 697 2449 et
718 2388 856 2451 vinculis
880 2388 1068 2464 dilectionis,

8 2513 9 2530 r
124 2482 160 2539 et
183 2476 233 2538 fui
256 2476 287 2538 ei
310 2476 393 2539 sicut
415 2477 473 2556 qui
487 2478 600 2556 iugum
616 2477 743 2540 elevant
758 2497 777 2538 a
792 2476 933 2538 maxillis
948 2495 1068 2553 eorum,

8 2617 9 2638 ἶ
124 2572 159 2627 et
183 2564 314 2628 admovi
337 2565 382 2628 eis
406 2566 572 2647 pabulum,
598 2585 638 2627 ne
658 2570 889 2627 reverterentur
902 2565 938 2626 in
953 2572 1070 2629 terram

8 2656 9 2736 ζ
123 2654 278 2735 Aegypti.
326 2653 388 2716 Sed
411 2655 480 2735 ipse
503 2656 605 2716 Assur
626 2674 714 2716 nunc
737 2660 864 2717 estrex
887 2654 970 2731 eius,
995 2674 1069 2735 quo·

8 2739 9 2794 Ῡ
124 2743 218 2805 niam
242 2742 415 2805 noluerunt
437 2743 588 2806 converti.
626 2743 704 2805 Ideo
727 2744 873 2806 manebit
895 2742 1020 2823 gladius
1035 2744 1071 2805 in

8 2909 9 2920 ἵ
125 2832 315 2895 civitatibus
338 2832 421 2908 eius,
454 2838 487 2894 et
509 2837 623 2895 atteret
643 2836 749 2896 vectes
773 2832 855 2908 eius,
877 2852 925 2923 ¹ac
947 2832 1071 2896 vorabit

8 2933 9 2987 ξ
124 2926 261 3002 propter
284 2920 418 2983 consilia
441 2940 561 2984 eorum.
989 2972 991 2975 .

16 3015 26 3037 ”
221 3003 385 3090 4Populus
407 3030 500 3072 meus
522 3010 660 3086 dubitat,
684 3009 816 3073 velitne
832 3008 934 3070 redire
950 3008 992 3070 ad
1007 3028 1068 3071 me.

8 3177 18 3193 .
125 3101 211 3161 Cum
236 3104 386 3162 vocarent
414 3118 489 3161 eum
518 3100 693 3180 prophetae
721 3098 763 3160 ad
790 3097 998 3174 altissimum,
1029 3118 1070 3159 ne

8 3194 26 3232 ²³
124 3207 213 3250 unus
237 3186 373 3267 quidem
395 3194 463 3251 erat
485 3185 542 3267 'qui
558 3208 591 3251 sc
607 3188 748 3267 erigeret.
789 3186 958 3260 Quomodo
972 3187 1071 3267 igitur

219 3467 247 3536 1)
280 3466 504 3523 Oommmationi
534 3468 652 3523 subiicit
687 3468 909 3536 pulcherrimam
943 3467 1071 3521 exhorta-

171 3555 247 3593 nem.
284 3538 312 3606 2)
331 3540 478 3594 Praesidio
494 3541 622 3595 humana
639 3539 774 3593 infausta.
810 3538 839 3605 3)
859 3536 1072 3591 Commemorat
1145 3600 1151 3610 s

171 3626 224 3663 ma
241 3610 330 3664 huius
348 3612 448 3679 populi
466 3611 559 3680 initia,
577 3616 611 3666 ut
622 3615 704 3665 tanto
722 3610 818 3663 minus
836 3624 993 3677 poenarum
1012 3609 1071 3679 fiat,

175 3680 212 3804 aldi
230 3681 415 3820 diffini?
438 3681 566 3737 benefico
593 3683 795 3737 discesserunt.
831 3680 860 3749 4)
881 3679 1070 3749 Contemptus
