2575 4225
428 283 552 343 :ff-3153
1101 276 1312 357 Caput
1358 280 1616 338 sextum
2031 324 2061 333 ,

432 467 645 519 tantur
689 455 949 517 aurulae
993 453 1489 533 frigidiusculae‚
1546 457 1610 514 et
1653 450 1902 514 roridae
1947 450 2153 513 nubes
2201 448 2308 513 de-

432 547 739 607 stillantes
770 542 1180 621 restinguunt
1209 543 1504 616 calorem,
1544 546 1611 602 et
1640 540 2017 619 refrigerant
2044 544 2307 601 terram.

432 639 608 695 &Sicut
649 632 844 711 igitur
888 631 1160 693 calentia
1204 635 1269 692 et
1314 629 1644 693 sitibunda
1689 648 1968 709 corpora,
2019 648 2170 689 cum
2200 628 2311 690 fri-

432 723 532 799 gia}
548 742 647 783 :1111
691 721 927 783 bibunt
942 769 956 795 ,
1004 724 1398 795 recreantur,
1449 723 1514 780 et
1557 718 1866 781 amissam
1910 718 2312 780 alacritatem

436 816 768 872 resumunt
786 859 801 885 ,
859 810 953 871 ita
995 827 1253 888 quoque
1301 813 1469 870 terra
1512 813 1830 869 recreatur
1845 856 1858 883 ,
1918 813 2309 883 recreantur,

436 911 489 959 ct
544 898 728 979 quasi
771 898 935 962 vires
982 903 1320 960 resumunt
1365 915 1440 958 ac
1503 896 1835 976 eriguntur
1852 945 1866 972 ,
1927 895 2313 975 languentes

436 991 685 1064 lwrhae,
736 1006 884 1049 cum
928 986 1326 1050 matutinum
1370 1005 1576 1047 rorem
1621 984 1874 1048 bibunt.

436 1111 580 1219 sm]
639 1112 786 1192 quis
839 1112 959 1174 iste
1024 1116 1237 1174 aestus
1287 1115 1394 1173 ‘est
1457 1110 1529 1171 in
1594 1108 1970 1171 hominibus
1989 1108 2020 1169 3³
2111 1107 2316 1170 Aliud

556 1201 735 1277 nihil,
784 1220 983 1281 quam
1027 1219 1253 1262 sensus
1289 1199 1553 1279 peccati,
1601 1198 1732 1259 irae
1762 1196 1887 1273 dei,
1935 1199 1998 1259 et
2030 1202 2314 1259 aeterna·

440 1311 584 1351 rum
616 1309 984 1371 poenarum.
1050 1289 1230 1350 Haec
1260 1287 1438 1349 enim
1466 1306 1616 1349 cum
1646 1292 1966 1367 occupant
1994 1286 2315 1362 animum,

444 1387 698 1439 tantum
741 1398 875 1439 non
931 1376 1356 1457 praecludunt
1413 1376 1711 1457 spiritum
1725 1424 1738 1451 ‚
1754 1370 1777 1406 ²
1851 1376 2017 1437 sicut
2069 1374 2328 1454 egregie

444 1466 825 1527 ‹lt-scribitur
866 1466 1028 1526 haec
1084 1465 1227 1546 ipsa
1286 1465 1557 1528 tentatio
1615 1464 1686 1525 in
1744 1463 1902 1544 psal.
1955 1456 2098 1527 38.²
2199 1464 2327 1525 Do-

444 1555 620 1615 mins
664 1573 747 1615 ne
792 1554 863 1614 in
908 1554 1119 1615 furore
1174 1559 1285 1616 tuo
1342 1573 1568 1633 arguas
1627 1572 1734 1614 me
1754 1602 1769 1629 ‚
1832 1572 2043 1632 neque
2097 1552 2179 1634 in¹
2228 1552 2331 1613 ira

444 1653 552 1707 tua
616 1642 918 1723 corripias
974 1661 1080 1704 me
1098 1692 1111 1718 ,
1184 1643 1494 1722 quoniam
1550 1642 1818 1721 sagittae
1874 1647 2022 1704 tuae
2081 1641 2329 1703 infixae

448 1739 600 1795 sunt
648 1732 814 1793 mihi
833 1780 846 1807 ,
918 1737 983 1793 et
1038 1751 1272 1794 manus
1333 1736 1446 1793 tua
1501 1730 1710 1810 gravis
1770 1735 1869 1793 est
1935 1749 2128 1810 super
2194 1749 2326 1793 me.

448 1823 592 1883 Nun
635 1825 733 1883 est
778 1820 1019 1883 sanitas
1064 1821 1135 1882 in
1182 1840 1369 1882 carne
1414 1839 1561 1881 mea
1603 1826 1865 1900 propter
1907 1819 2073 1881 iram
2117 1824 2326 1894 tuam,

452 1931 564 1971 nec
612 1914 710 1972 est
752 1929 883 1989 pax
928 1909 1180 1972 ossibus
1225 1908 1387 1971 meis
1422 1914 1682 1988 propter
1711 1913 2049 1989 peccatum
2077 1926 2326 1983 meum,

448 2027 456 2055 ι
469 1999 755 2079 μιῇ-111311)
787 2004 1048 2079 peccata
1075 2018 1222 2060 mea
1252 2017 1660 2078 supergressa
1690 2001 1843 2059 sunt
1864 2000 2060 2078 caput
2080 2016 2326 2072 meum,

452 2095 512 2148 ct
560 2091 724 2151 sicut
768 2107 931 2150 onus
978 2101 1165 2168 grave
1212 2092 1474 2168 gravata
1518 2092 1670 2149 sunt
1714 2105 1907 2166 super
1957 2104 2080 2147 me.
2177 2084 2331 2147 Cur·

452 2200 567 2240 ms
616 2181 677 2238 et
722 2175 1059 2257 depressus
1103 2177 1386 2239 nimium
1431 2181 1496 2238 et
1539 2175 1740 2238 tristis
1769 2180 1908 2238 tota
1937 2175 2041 2236 die
2071 2173 2327 2249 incede,

452 2265 757 2344 {lumniam
801 2265 1011 2326 lumbi
1053 2265 1185 2327 mei
1230 2265 1524 2327 ariditate
1582 2264 1760 2345 pleni
1820 2268 2002 2339 sunt,
2068 2269 2132 2326 et
2191 2283 2332 2325 non

452 2360 548 2412 vst-
592 2353 831 2416 sanitas
876 2353 947 2415 in
992 2373 1181 2416 carne
1225 2373 1392 2430 mea,
1441 2353 1694 2416 collisus
1741 2358 1805 2415 et
1835 2343 2148 2415 contritus
2179 2371 2336 2414 sum

456 2444 877 2520 vehementer,
926 2441 1093 2506 eiulo
1139 2462 1292 2524 prae
1338 2442 1661 2506 anxietate
1707 2440 1916 2504 cordis
1960 2441 2109 2503 mei.
2205 2442 2330 2503 Do-

452 2535 624 2592 mine
671 2551 885 2594 coram
931 2537 995 2594 te
1041 2537 1139 2594 est
1182 2551 1374 2594 omne
1422 2530 1811 2594 desiderium
1840 2550 2080 2607 meum,
2132 2535 2197 2592 et
2228 2549 2330 2609 ge-

452 2620 649 2680 mit-us
694 2639 877 2681 meus
924 2641 961 2680 a
1007 2625 1071 2682 te
1116 2640 1250 2682 non
1297 2626 1394 2682 est
1423 2619 1857 2683 absconditus.
1951 2618 2074 2682 Cor
2102 2638 2330 2680 meum

456 2707 687 2780 tramit,
759 2706 1237 2785 dereliquerunt
1297 2728 1402 2770 me
1458 2709 1624 2772 vires
1691 2727 1872 2771 meae
1888 2757 1902 2784 ‚
1974 2713 2039 2770 et
2103 2708 2332 2770 lumen

456 2796 782 2856 ιπτιιῖῑῡτυῐῃ
827 2813 1119 2856 meorum
1163 2815 1298 2858 non
1343 2802 1440 2860 est
1484 2797 1660 2878 apud
1704 2817 1828 2859 me.

638 2876 753 2944 ³In
810 2883 914 2946 his
969 2883 1295 2947 doloribus
1350 2891 1415 2948 et
1469 2886 1769 2967 periculis
1828 2886 2208 2965 languentes
2270 2892 2337 2947 et

456 2976 709 3034 tantum
776 2993 910 3036 non
963 2979 1250 3036 mortuos
1312 2975 1560 3038 animos
1622 2975 1789 3036 nihil
1841 2974 2052 3053 erigit,
2131 2993 2336 3054 quam

456 3061 745 3124 slmztrina
812 3060 1153 3142 evangelii,
1226 3083 1392 3142 quae
1462 3063 1648 3127 docet
1716 3063 2041 3126 Christum
2101 3069 2335 3126 nostra

456 3156 715 3228 saccata
758 3151 829 3212 in
876 3170 942 3213 se
995 3152 1396 3215 transtulisse
1414 3202 1427 3229 ,
1487 3172 1603 3233 pro
1659 3151 1739 3214 iis
1798 3151 2209 3228 satisfecisse,
2272 3157 2337 3214 et

460 3240 642 3301 nuliis
701 3243 907 3302 morte
976 3259 1092 3302 sua
1158 3241 1567 3322 partefecisse
1635 3240 1887 3304 aditum
1953 3239 2038 3302 ad
2106 3239 2330 3304 vitam.

456 3328 633 3388 Haec
680 3346 829 3390 cum
876 3327 1151 3390 audiunt
1195 3329 1415 3407 animi,
1464 3328 1841 3411 concipiunt
1870 3349 2054 3410 spem
2082 3326 2351 3393 veniae?

460 3424 520 3476 ‹2ss
568 3420 733 3480 sicut
774 3436 941 3498 pene
987 3417 1261 3480 emortui
1305 3419 1492 3482 flores
1537 3419 1810 3484 redeunt
1855 3418 1938 3481 ad
1985 3418 2302 3499 pristinan

460 3504 850 3569 alacritatem
895 3510 961 3568 et
1006 3505 1300 3571 nitorem.

638 3679 691 3746 1)
730 3681 995 3734 Tentatio
1045 3680 1117 3734 de
1143 3642 1419 3748 peccato.
1493 3681 1553 3749 2>
1587 3683 1735 3736 Psal.
1785 3682 1897 3737 38.-
1945 3680 2004 3750 3)
2042 3681 2252 3737 Medici

464 3750 631 3800 huius
666 3751 1005 3805 tentationis
1041 3752 1414 3819 evangelium.
