2575 4225
431 293 558 355 Hoseae
580 291 765 373 prophetae.
1003 290 1066 355 177

14 535 17 549 ,
125 490 168 533 an
191 489 259 531 non
282 468 389 550 potuit
410 468 532 544 doceri,
559 468 625 531 nisi
646 469 805 551 propheta
834 468 1067 535 fornicaretur?

14 554 15 557 ’
125 561 192 621 Aut
226 558 416 639 putabimus
449 557 614 620 doctorem
648 556 705 619 tali
739 558 873 621 crimine
907 560 1068 639 pollutum

125 648 199 728 plus
215 646 397 710 autoritatis
411 645 453 707 ad
467 645 686 725 ministerium
700 647 806 723 affere,
823 667 861 710 ac
876 668 943 711 non
958 648 1067 730 potius

125 736 345 799 ministerium
366 735 402 797 in
424 739 648 816 contemptum
663 734 844 798 adducere?
867 737 949 800 Vere
968 737 1066 815 enim,

125 824 184 905 qui
206 844 288 887 sana
316 824 422 900 docet,
452 830 486 886 et
514 824 651 905 turpiter
677 823 766 901 vivit,
797 825 881 889 sicut
908 826 1068 906 eleganter

12 986 13 997 χ
125 914 335 977 Naaanaeuus
356 912 455 989 dixit,
485 932 553 975 una
573 932 675 975 manu
698 912 832 993 porrigit
853 913 941 994 quod
968 916 1067 979 altera

125 1009 308 1165 alpadum
337 1090 437 1171 igitur
464 1091 640 1171 prophetae
669 1090 829 1153 sententia
852 1092 923 1155 est?
961 1092 1068 1155 Verba

126 1180 215 1243 enirn
238 1178 411 1241 manifesta
433 1185 518 1243 sunt.
564 1178 656 1241 Abiit
678 1179 844 1259 propheta,
869 1186 902 1243 et
924 1180 1019 1243 duxit
1032 1181 1069 1243 in

125 1289 263 1332 uxorem
285 1269 404 1331 Gomer
430 1268 531 1330 filiam
559 1267 717 1345 Diblaim,
748 1287 831 1347 quac
861 1269 1008 1350 concepit
1036 1276 1069 1333 et

125 1358 254 1439 peperit
276 1356 306 1419 ei
327 1357 440 1419 filium.
487 1356 691 1437 Respondes,
720 1358 910 1438 prophetam
934 1358 1067 1422 fornica·

12 1479 13 1542 p
126 1453 199 1510 tum
222 1465 292 1508 esse
314 1446 423 1527 palam
446 1444 622 1509 absurdum
644 1451 708 1522 est,
733 1451 766 1510 et
787 1452 912 1527 pugnat
933 1468 1000 1510 non
1022 1468 1067 1511 so·

125 1536 195 1599 lum
224 1555 301 1597 cum
329 1540 457 1611 natura,
493 1533 549 1597 sed
577 1534 675 1597 etiarn
709 1554 784 1597 cum
817 1536 972 1600 mandato
1005 1536 1067 1600 dei.

127 1624 223 1698 Quod
246 1629 355 1686 autem
378 1623 507 1685 duxerit
528 1628 670 1686 scortum
692 1624 791 1686 etiam
814 1624 990 1688 absurdum
1009 1631 1067 1702 est,

127 1734 206 1776 nam
229 1732 305 1776 cum
327 1712 364 1774 in
385 1732 418 1774 rc
440 1711 607 1793 turpitudo
630 1713 674 1775 sit
702 1712 869 1792 (honestae
899 1715 988 1776 enim
1018 1714 1068 1777 de·

127 1803 206 1865 bant
229 1821 299 1864 esse
319 1800 462 1882 nuptiae,
485 1802 675 1881 praesertim
689 1801 857 1865 doctorum
871 1802 908 1864 iu
922 1803 1068 1880 eeclesia)

127 1890 243 1954 merito
266 1891 351 1952 hanc
373 1889 568 1953 sententiam
589 1889 832 1971 repudiamus..

218 1976 349 2041 *Restat
369 1979 483 2058 igitur,
513 1983 551 2041 ut
573 1984 752 2043 statuamus
775 1980 966 2060 prophetam
994 1979 1068 2060 legi-

128 2068 209 2133 timo
231 2067 382 2149 coniugio
404 2068 489 2130 hanc
503 2066 674 2131 mulierem
688 2087 822 2131 uxorem
838 2067 979 2146 duxisse,
1003 2088 1070 2132 non

129 2158 261 2238 aliquod
284 2157 451 2220 sordidum
474 2163 625 2234 scortum,
649 2157 706 2220 sed
721 2156 822 2220 filiam
837 2158 966 2222 honesti
980 2158 1068 2236 civis,

129 2252 162 2310 et
182 2249 319 2310 honeste
348 2246 536 2323 educatam,
564 2246 651 2326 quod
678 2252 711 2310 et
738 2266 857 2309 nomen
886 2248 986 2328 patris
1016 2248 1070 2310 hic

129 2336 281 2399 additum
300 2334 434 2411 indicat,
457 2355 536 2398 nam
558 2335 648 2415 quod
670 2335 771 2416 aliqui
785 2335 907 2413 dicunt,
931 2337 1071 2400 hicnon

130 2425 254 2487 narrari
275 2424 453 2500 historiam,
477 2443 537 2487 nec
559 2424 639 2487 haec
661 2426 709 2487 ita
723 2431 812 2504 gesta
827 2445 906 2502 esse,
931 2425 987 2488 scd
1003 2431 1069 2488 tan·

12 2574 13 2595 2
130 2519 202 2576 tum
228 2514 266 2575 in
295 2513 417 2576 visione
439 2519 568 2577 ostensa
598 2513 783 2594 prophetae.
829 2513 868 2576 Id
898 2534 966 2576 non
999 2533 1069 2576 con·

11 2602 20 2667 j·
130 2603 233 2678 sistit,
257 2620 336 2664 nam
358 2602 389 2665 si
408 2603 470 2664 hoc
493 2601 659 2678 admittas,
691 2601 768 2664 data
790 2607 839 2664 est
861 2603 984 2666 occasio
1007 2603 1069 2664 elu-

12 2753 16 2766 ,
131 2691 232 2754 dendi
250 2691 315 2753 alia
329 2691 448 2753 similia
462 2691 611 2772 exempla
625 2690 822 2771 prophetica,
847 2692 955 2771 qualia
969 2693 1072 2756 multa

131 2781 219 2843 facta
240 2779 434 2856 scribuntur,
457 2786 496 2842 ut
517 2784 625 2842 essent
646 2779 739 2860 signa
756 2785 789 2842 et
803 2781 988 2844 testimonia
1002 2802 1070 2862 pro-

130 2869 336 2950 pheticarum
369 2867 561 2931 concionum
595 2869 723 2949 publice
751 2869 915 2950 proposita
940 2871 1070 2951 populo,

12 2985 13 3040 3
131 2964 170 3022 ut
191 2958 233 3020 de
256 2957 368 3033 Esaia,
397 2957 456 3037 qui·
478 2957 627 3020 scribitur
649 2957 873 3020 obambulasse
903 2958 1010 3020 nudus
1040 2963 1073 3020 et

12 3041 18 3126 J
131 3046 348 3122 discalciatus,
371 3051 409 3108 ut
424 3052 508 3110 esset
522 3046 652 3126 signum
667 3051 700 3110 et
713 3050 899 3126 portentum
913 3046 1070 3126 Aegypto,

12 3215 13 3219 Ἰ
132 3156 202 3216 cap.
231 3130 302 3198 15.²
348 3135 391 3197 Et
412 3135 453 3197 de
475 3135 620 3210 Ieremia,
644 3133 703 3214 qui
725 3134 915 3212 aliquandiu
937 3135 1074 3214 gestavit

12 3222 13 3233 ²
130 3224 168 3286 in
190 3224 273 3286 eollo
295 3224 411 3304 iugum
433 3229 616 3287 etcatenas
639 3243 666 3286 c.
693 3216 764 3285 26st
808 3223 892 3286 Item
914 3223 1073 3286 Ezechieli

131 3313 330 3380 praedicitur
352 3313 466 3375 eodem
488 3312 540 3375 die
559 3312 750 3376 morituram
765 3331 908 3389 uxorem,
933 3318 965 3375 ct
979 3312 1072 3375 inter·

222 3540 251 3608 1)
269 3541 337 3594 Esa.
358 3539 399 3594 15.
418 3540 490 3594 Iere.
508 3539 551 3592 26.
588 3539 617 3607 2)
636 3539 770 3594 Ezech.‘*

224 3700 249 3764 ⁶)
268 3700 305 3754 In
323 3716 411 3768 marg.
435 3700 497 3754 coll.
523 3700 598 3754 Ien.:
626 3699 771 3766 Propheta
793 3699 920 3766 legitimo
945 3699 1074 3766 coniugio

190 3787 212 3826 s.
250 3771 291 3836 ”l
310 3772 384 3825 Ien.:
403 3772 504 3825 Ezech.
524 3770 568 3824 24„

192 3871 262 3911 utheri
277 3880 326 3920 opp.
340 3871 424 3918 exegct.
454 3868 503 3909 Vol.
516 3868 592 3909 XXIV.
879 3859 913 3912 12
