2575 4225
450 290 576 352 Hoaeae
599 290 784 371 prophetae.
1020 289 1083 354 477
1175 329 1176 332 κ

235 467 342 530 Tertio
369 467 439 529 loco
466 473 543 530 sunt
570 468 804 546 caeremoniae,
833 487 914 548 quas
943 469 1022 532 deus
1050 469 1086 530 in

141 556 280 620 ecclesia
302 557 405 620 voluit
418 561 550 633 extare,
580 563 619 619 ut
640 562 748 620 essent
777 579 843 622 non
867 558 971 620 solum
1001 578 1085 620 exer·
1181 553 1206 636 ,'

142 647 231 722 citio,
255 645 313 709 sed
335 646 434 709 etiam
452 646 638 709 testimonia
660 646 789 709 divinae
804 647 988 710 voluntatis.
1035 647 1087 710 Sic

143 756 212 798 non
241 735 319 798 satis
347 733 411 797 fuit
440 734 560 796 Iudaeo
594 755 718 798 servare
747 735 952 816 decalogum,
989 737 1103 800 etiam,

141 823 333 887 circumcidi
367 823 518 904 oportuit.
570 823 613 886 Et
647 843 706 886 nos
733 824 844 901 hodie,
881 827 909 888 si
939 827 1087 890 volumus

142 913 297 976 ecclesiae
311 913 459 974 membra
473 931 552 989 esse,
569 932 696 975 sacrum
710 913 882 994 baptisma,
907 920 940 977 et
954 934 1088 978 coenam

141 1002 272 1065 domini
308 1002 397 1064 nullo
432 1000 530 1064 modo
562 1000 717 1064 debemus
753 1007 810 1064 aut
839 1004 998 1084 negligere
1032 1007 1089 1065 aut

144 1091 293 1154 abiicere.
344 1091 392 1153 Ac
428 1089 515 1170 quod
543 1090 585 1152 ad
613 1091 674 1171 hos
705 1095 769 1153 tres
799 1091 927 1154 ordines
962 1093 1086 1168 attinet,
1151 1081 1158 1097 ’

142 1198 259 1242 omnes
281 1179 366 1243 inter
381 1198 414 1242 se
430 1178 605 1241 Christiani
627 1185 704 1242 sunt
723 1180 852 1242 similes,
898 1180 1089 1260 Obligantur

144 1268 237 1331 enim
260 1287 373 1331 omnes
395 1267 515 1349 pariter
537 1267 579 1329 ad
601 1269 661 1332 hos
685 1267 789 1331 cultus
812 1269 1029 1350 praestandos.

241 1357 399 1430 Quartum
427 1357 535 1418 locum
570 1356 744 1421 vendicant
771 1378 868 1439 opera
901 1349 1087 1434 vocationis,

149 1447 232 1508 haec
260 1443 389 1526 qu‘oque
424 1450 501 1508 sunt
530 1445 591 1508 deo
625 1446 708 1526 grati
737 1447 855 1524 cultus,
901 1467 1089 1527 quanquam

146 1534 275 1599 diversa
297 1535 371 1598 sint.
417 1533 624 1614 Magistratus
648 1535 725 1598 colit
746 1535 857 1614 deum,
882 1557 957 1600 cum
979 1541 1088 1618 poten·

145 1623 230 1687 tiam
249 1643 342 1686 suam
358 1623 481 1691 confert
495 1623 537 1685 ad
552 1625 631 1686 iuris
647 1631 680 1687 et
694 1624 790 1704 aequi
805 1626 1088 1700 conservationem,

146 1712 396 1795 paterfamilias,
421 1733 497 1775 cum
519 1716 648 1774 strenue
670 1713 807 1790 laborat,
836 1714 1088 1790 materfamilias,

145 1822 225 1864 oum
247 1807 337 1864 curat
350 1803 467 1864 liberos
491 1805 523 1862 et
545 1801 704 1863 familiam
719 1809 777 1868 etc.
825 1803 889 1876 Qui
911 1803 1009 1882 igitur
1024 1822 1091 1864 non
1181 1881 1182 1884 Ἴ

145 1891 263 1954 volunt
285 1890 345 1953 deo
360 1891 493 1953 rebelles
516 1910 595 1966 esse,
620 1890 677 1952 sed
695 1897 856 1971 praestare
872 1891 1091 1954 obedientiam

146 1978 294 2042 debitam
317 1985 350 2041 et
371 1985 509 2059 gratam,
541 1977 577 2041 hi
599 1979 635 2041 in
658 1980 813 2043 curriculo
837 2001 871 2043 se
894 1980 1089 2055 contineant,

147 2074 183 2132 et
205 2074 340 2132 caveant
361 2088 402 2132 ne
424 2069 673 2150 hypocritarum¹
689 2078 777 2132 m‘cre
800 2069 878 2133 alios
901 2070 1005 2133 cultus
1029 2068 1091 2133 sibi

150 2164 323 2279 quaerant,
352 2159 473 2222 frustra
494 2158 583 2220 enim
606 2159 721 2221 colitur
748 2157 828 2223 deus
851 2159 1014 2223 mandatis
1036 2160 1090 2221 ho·

150 2266 289 2311 mrnum.

151 2366 323 2481 ²Arrocia
344 2376 436 2447 sunt,
469 2391 551 2451 quae
574 2371 614 2433 de
637 2369 779 2454 parvulis
806 2376 839 2433 et
860 2370 1092 2452 pregnantibus

239 2461 383 2523 minatur
404 2461 571 2541 propheta,
599 2479 772 2522 acceusae
796 2460 887 2539 queri
910 2460 1021 2537 solent,
1046 2461 1092 2522 in·

146 2569 272 2613 nocens
301 2554 388 2612 aetas
415 2568 473 2611 cur
498 2550 597 2612 tantis
624 2550 736 2629 poenis
767 2549 979 2611 subiiciatur?
1030 2548 1093 2611 Sed

152 2639 258 2702 iacilis
287 2638 452 2719 responsio
475 2644 538 2701 est:
573 2638 720 2701 Infantes
743 2638 812 2715 isti,
840 2638 869 2701 si
891 2642 967 2700 sunt
989 2638 1024 2700 in
1047 2657 1093 2699 ec·

153 2728 259 2804 clesia,
283 2727 345 2790 hoc
360 2732 418 2803 est,
442 2727 471 2789 si
485 2728 521 2788 in
543 2729 644 2791 veteri
659 2728 779 2809 populo
794 2728 983 2804 circumcisi,
1008 2726 1095 2808 apud

148 2837 214 2880 nos
245 2822 353 2879 autem
381 2816 536 2897 baptizati
566 2824 656 2892 sunt,
693 2818 777 2879 nihil
806 2817 974 2898 patiuntur
1006 2816 1093 2891 mali,

149 2906 311 2985 affligitur
333 2905 465 2986 quidem
488 2924 570 2981 carc,
595 2904 652 2967 sed
675 2906 816 2967 salvatur
844 2904 985 2985 spiritus.
1031 2904 1095 2966 Ha·
1167 2978 1168 2981 Ἴ

153 2996 212 3058 bet
226 3000 336 3058 autem
357 2996 437 3056 haec
452 2994 524 3074 ipsa
546 2993 680 3056 afflictio
703 2994 807 3056 carnis
824 3013 919 3055 suum
942 2992 1094 3068 fructum,

154 3083 320 3167 pertinent
341 3083 430 3145 enim
451 3083 532 3144 haec
558 3082 624 3143 irae
647 3082 751 3145 tristia
773 3082 955 3163 spectacula
978 3081 1019 3143 ad
1042 3080 1122 3145 do·,

153 3172 273 3235 cendos
289 3172 377 3248 alios,
401 3171 443 3233 de
465 3170 579 3233 timore
595 3170 657 3247 dei,
682 3190 723 3233 ne
746 3191 854 3233 secure
873 3176 1015 3252 peccent,
1040 3170 1096 3233 sed

154 3262 191 3323 in
213 3268 356 3342 tempore
379 3260 552 3323 emendent
572 3261 684 3335 vitam,
713 3278 749 3322 ac
772 3265 947 3340 exposcant
969 3260 1097 3324 veniam

154 3356 372 3433 peccatorum,
397 3368 534 3429 quorum
556 3366 678 3429 poenas
702 3348 800 3413 etiam
820 3348 1026 3411 innocentem
1048 3367 1096 3409 ae·

156 3445 258 3502 tatem
286 3438 398 3502 vident
428 3438 594 3501 sustinere.
640 3437 726 3499 Vera
753 3438 833 3500 haec
862 3457 989 3518 quoque
1016 3436 1097 3499 ratio

156 3534 218 3604 est,
249 3528 326 3607 quia
348 3526 489 3589 infantes
512 3532 589 3588 sunt
610 3546 685 3607 pars
708 3526 867 3602 ecclesiae,
895 3531 1022 3608 oportet
1043 3544 1097 3588 eos

151 3636 232 3679 cum
248 3615 381 3678 ecclesia
391 3614 503 3696 affligi,
519 3619 557 3676 ut
571 3614 747 3677 reddantur
759 3614 937 3679 conformes
953 3615 1018 3677 filio
1035 3614 1096 3677 dei.

248 3772 276 3841 1)
294 3773 398 3828 Matth.
419 3770 461 3825 15.
497 3769 526 3839 2)
546 3769 744 3827 Ourinfantes
762 3770 898 3829 trucidari
916 3771 994 3828 sinat
1006 3771 1097 3825 deus?

317 3917 322 3947 l
