2575 4225
421 1101 813 1188 Paoaaaouurr.

144 1388 294 1489 Tertius
317 1427 375 1506 qui
397 1426 543 1505 sequitur
565 1426 601 1488 in
623 1427 766 1489 Hoseam
789 1427 980 1507 prophetam
1004 1443 1085 1488 oom-

145 1515 325 1577 mentarius
348 1535 433 1577 anno
456 1515 619 1578 MDXLV.
644 1535 664 1576 a
686 1515 763 1578 Vito
787 1515 954 1578 Theodoro
982 1514 1086 1577 editus

144 1611 228 1755 {spec
251 1604 422 1755 {pporiptio
443 1603 519 1666 libri
534 1605 644 1684 figuris
659 1603 749 1684 ligno
764 1603 874 1666 incisis
890 1604 1087 1666 circumdata

448 1781 511 1855 IN
542 1779 785 1857 HOSEAM

498 1884 733 1940 PROPHETAM

377 1958 557 2021 Reuerendi
580 1959 617 2020 D.
643 1960 776 2023 Martini
798 1960 857 2021 Lu·

298 2049 376 2111 rum·
396 2047 542 2111 Douma
565 2047 736 2130 Theolopr'oe
758 2047 938 2120 Enawotio,

282 2138 323 2199 ab
349 2140 416 2220 apso
448 2138 475 2216 ἆ
502 2141 536 2200 in
557 2137 691 2221 piutita
711 2138 953 2220 proeteatioaibas

377 2227 500 2298 tradita,
524 2226 551 2304 ᾇ
572 2237 678 2309 postea
698 2229 861 2308 receperim,

288 2377 292 2382 .
390 2312 518 2377 Colleeta
536 2338 595 2397 per
620 2316 719 2378 Vitrea
741 2318 774 2378 T
771 2317 842 2378 teo·
965 2367 971 2376 .

417 2405 527 2466 dorum
550 2402 815 2485 Nauaqemm,

372 2493 474 2555 Plena
491 2496 555 2578 pice
577 2493 720 2557 doetrtaoe
742 2493 770 2571 ᾇ
791 2492 860 2555 salu

421 2584 534 2643 tortam
556 2581 806 2647 eoruolattoaam.

459 2686 768 2739 VVITTENBERGAE

377 2757 558 2821 Esertdebat
579 2758 733 2822 Iohannes
756 2758 853 2841 Infit,

436 2849 536 2937 aaa
553 2849 596 2910 u
621 2850 659 2910 u.
684 2848 782 2910 xuv.

233 2988 329 3052 Liber
363 2996 412 3053 est
439 2988 579 3051 XLVIH
608 2990 812 3071 plagularum
847 2990 968 3052 formae
1002 2995 1084 3053 octo·

139 3076 264 3155 uariae,
289 3098 427 3158 quarum
450 3078 556 3159 ppima
577 3079 708 3161 plagula
730 3077 889 3156 sagittulis
912 3078 948 3139 in
971 3080 1083 3158 margi-

139 3167 241 3230 nibus
264 3167 468 3230 ulterioribus
494 3167 635 3247 signata,
667 3166 808 3229 secunda
831 3168 923 3247 signo
951 3176 986 3241 )(
1013 3187 1083 3230 oon-

137 3256 257 3337 spioua
295 3262 358 3332 est,
400 3264 570 3336 sequentes
604 3256 719 3319 XXIII
752 3255 852 3318 literis
886 3256 1083 3331 maiusculis,

170 3344 286 3424 aliquae
316 3344 430 3407 XXIII
462 3346 564 3408 litoris
597 3344 788 3407 miirusoulis
821 3346 963 3425 insignes
997 3351 1082 3407 sunt.

158 3433 229 3497 lolii
250 3431 349 3514 primi
369 3440 505 3512 tergum,
530 3434 690 3496 secundae
712 3434 860 3514 plagulae
875 3434 990 3496 folium
1013 3432 1083 3497 ulti·

162 3541 235 3585 rum
251 3528 283 3584 et
298 3518 545 3603 paenultimum‚
569 3523 717 3604 plagulae
740 3522 765 3583 Ο
789 3520 931 3602 signatae
947 3521 1084 3602 paginae

197 3611 404 3692 posteriores,
447 3612 580 3675 ultimae
621 3611 769 3692 plagulae
811 3611 930 3691 pagina
969 3611 1084 3675 ultima

162 3718 262 3762 aouae
286 3696 468 3781 apparent(
500 3700 664 3763 Foliorum
686 3698 857 3780 descriptio
871 3698 1027 3781 incipitur
1048 3699 1084 3761 iu
