2575 4225
432 312 559 375 Roseae
582 310 766 393 prophetae.
1005 263 1069 375 25i

122 488 290 553 cruciatus
323 493 361 551 ut
394 487 574 553 concilient.
620 487 684 552 Sed
721 487 801 551 dum
834 488 961 552 nullum
988 488 1070 553 bles·

127 578 335 660 phemiamm
357 575 492 641 modum
509 576 642 653 faciunt,
667 576 785 641 talibus
808 577 966 660 exemplis
989 598 1070 660 opus

123 672 194 743 est,
223 671 262 729 ut
284 665 365 729 deus
387 671 522 729 testetur
543 684 577 729 se
599 665 705 729 iudice
724 684 838 744 messe,
863 672 896 730 et
917 666 1076 748 reprimat·

125 753 306 837 impiorum
334 760 484 830 conatus,
514 760 552 817 ut
577 754 633 817 alii
663 753 892 831 emendentur,
924 762 957 818 et
979 775 1070 819 evan·

124 844 213 924 gelio
236 863 304 906 non
325 843 373 906 ita
394 862 429 907 ιι
444 849 620 925 opponant,
642 843 706 907 hoc
727 843 826 924 igitur
848 849 897 907 est
914 843 1072 909 iudicium

9 945 10 952 ’
127 933 251 995 laetum
282 937 315 995 ιι
342 932 559 995 necessarium
589 930 753 1009 ecclesiae,
784 936 823 997 ut
848 932 1001 996 liberetur
1031 953 1072 995 ex

128 1020 292 1103 periculis,
315 1025 350 1083 et
370 1019 464 1102 impii
487 1019 667 1083 concidant.

225 1104 351 1172 ¹‘lertio
378 1108 472 1171 dicit:
511 1108 720 1190 Desponsabo
743 1115 776 1171 ιι
798 1108 881 1173 mihi
912 1107 1070 1186 ,behesed‘

129 1198 166 1261 ιιι
187 1197 402 1260 beneficentia
422 1197 485 1259 hoc
503 1196 786 1273 estbenefaciam
806 1197 876 1274 tibi,
901 1197 1073 1261 exaudiam

129 1305 242 1368 preces
265 1291 348 1361 tuas,
371 1284 497 1366 largiar,
521 1284 641 1366 quibus
658 1285 793 1366 indiges,
818 1287 937 1350 omnia.
983 1286 1073 1350 Haec

127 1376 226 1438 tertia
253 1374 409 1437 maritalis
440 1374 553 1436 annuli
580 1394 709 1454 gemma
731 1379 793 1451 est,
824 1395 890 1455 qua
919 1394 1072 1458 sponsam

9 1537 10 1560 Χ
129 1483 226 1526 suam
249 1463 416 1526 ecclesiam
442 1462 568 1525 ornavit
554 1462 670 1526 tdeus
693 1482 764 1545 per
759 1424 953 1541 Christum,
985 1464 1073 1545 quod

9 1593 11 1624 ,
129 1558 180 1615 ιιι
210 1552 247 1614 in
275 1570 348 1614 eam
373 1544 570 1628 beneflcrm,¹
606 1572 673 1615 non
695 1558 823 1615 tantum
853 1552 982 1630 liberat,
1015 1553 1073 1616 sed

131 1641 245 1703 multis
277 1646 310 1703 et
331 1640 459 1720 maguis
487 1638 581 1705 donis
612 1660 684 1703 eam
706 1647 858 1717 ιιιοιιιιι,
889 1648 961 1704 tum
984 1641 1074 1723 spiri

9 1716 12 1788 ζ’
129 1729 285 1804 tualibus,
308 1734 379 1792 tum
403 1728 502 1791 etiam
523 1728 751 1810 corporalibus
797 1730 871 1792 Νοιι
891 1729 989 1807 enim,
1014 1730 1075 1793 etsi

8 1861 10 1907 ,
130 1818 237 1898 affligi
267 1817 434 1879 ecclesiam
464 1816 653 1897 aliquandiu
681 1817 759 1881 sinit
780 1816 875 1895 deus,
906 1818 979 1882 ideo
1003 1836 1076 1879 eam

133 1910 291 1988 perpetuo
314 1905 379 1968 situ
401 1911 434 1968 ιι
448 1906 595 2007 squalore
617 1888 745 1969 absumi
760 1912 817 1987 pat
803 1906 891 1982 titur,
916 1906 972 1968 sed
989 1925 1074 1969 exor·

132 2001 191 2058 nat
213 1993 413 2070 doctoribus,
443 1992 500 2058 dat
526 1993 598 2076 pios
626 1994 848 2074 magistratus,
878 1955 934 2057 dat
920 1999 1076 2077 tpacem

129 2089 166 2147 et
180 2083 270 2166 pacis
286 2082 469 2160 commoda,
492 2088 617 2146 exercet
632 2088 665 2146 et
687 2088 784 2164 auget
797 2082 905 2161 fidem,
918 2082 1078 2146 accendit

130 2172 356 2248 dilectionem,
386 2172 463 2234 facit
490 2178 692 2250 mansuetos,
720 2173 897 2254 pacientes,
925 2172 1075 2249 humiles,

132 2260 331 2324 obedientes.
373 2261 464 2324 Haec
486 2261 575 2323 enim
598 2267 675 2324 sunt
690 2261 818 2338 ,Hesed‘
843 2267 875 2324 et
897 2260 1076 2325 obveniunt

129 2370 175 2412 ex
202 2348 425 2429 misericordia
452 2347 506 2411 dei
532 2369 591 2431 per
613 2349 792 2427 Christum,
824 2351 908 2412 sicut
933 2349 1078 2431 psalmus

131 2432 245 2515 (ιιιιι,3
273 2437 437 2501 Christum
459 2456 667 2501 ascensurum
691 2437 732 2500 ad
755 2439 868 2514 coelos,
895 2444 934 2500 ut
955 2437 1079 2500 dividat

134 2526 226 2590 dona
249 2526 285 2588 in
307 2526 466 2590 homines.

229 2609 371 2688 ‘Quarto
385 2614 481 2678 dicit:
498 2614 708 2697 Desponsabo
720 2620 752 2678 ιι
763 2614 846 2678 mihi
858 2613 1078 2692 ,berahamim‘

131 2705 172 2766 in
193 2703 472 2781 miserationibus,
501 2704 564 2767 hoc
587 2710 649 2781 est,
678 2703 853 2768 miserebor
875 2704 925 2767 tui
947 2723 1023 2768 cum
1045 2723 1080 2766 es

134 2794 172 2854 in
199 2791 351 2874 periculis
381 2811 456 2856 cum
485 2811 578 2856 cruce
604 2799 637 2856 et
664 2793 900 2857 calamitatibus
927 2811 1081 2874 oppressa

134 2901 188 2958 ιι,
216 2897 284 2944 non
311 2880 472 2961 negligam
498 2887 546 2957 ιι,
576 2881 633 2944 sed
662 2882 827 2945 sustinebo
855 2882 925 2962 ipse
954 2886 1081 2962 partem

135 2970 530 3035 tuarumoalamitatum
580 2969 670 3032 Sicut
703 2971 839 3051 epistola
868 2968 911 3030 ad
939 2969 1080 3031 Ebraeos

132 3058 331 3124 suavissime
358 3052 474 3136 dicit,⁵
507 3057 672 3121 Christum
700 3078 769 3121 esse
797 3057 984 3157 pontificem
1014 3063 1080 3120 ten

137 3151 244 3210 tatum
285 3165 370 3250 per
380 3147 491 3210 omnia
533 3140 712 3226 tartaraco
755 3139 965 3228 συμπαθῖσαι
1012 3149 1082 3216 ταῖς

134 3227 370 3306 ἄσθινιίαις“
349 3230 449 3319 ημῶν,
473 3235 531 3316 qui
545 3235 648 3316 possit
663 3235 804 3316 compati
819 3234 970 3298 ecclesiae
991 3253 1081 3309 suae,

137 3343 223 3403 quae
247 3342 323 3386 cum
345 3325 389 3386 sit
402 3323 633 3401 infirmissima,
656 3330 767 3388 temen
782 3324 984 3387 conflictatur
1006 3341 1084 3386 cum

152 3412 339 3478 novissimis
361 3412 617 3476 difficultatibus.

231 3567 526 3636 metamaucensis.
561 3569 590 3637 2)
618 3567 752 3624 Christus
774 3568 920 3623 beneficus
942 3567 974 3622 ιιι
998 3567 1083 3622 ιιιιι·
1175 3575 1179 3580 “

168 3654 224 3692 am.
261 3637 291 3705 3)
310 3639 385 3693 Psal.
404 3639 447 3692 68.
482 3639 512 3707 4)
531 3637 556 3692 4.
577 3639 796 3695 commiseratio
814 3641 870 3695 dei.
907 3639 934 3708 5)
954 3629 1022 3694 Ebr.
1040 3636 1085 3691 4.*

233 3780 259 3848 ')
276 3780 314 3834 In
331 3782 393 3836 coll.
411 3783 481 3836 Ien:
508 3783 575 3836 Ebr.
594 3782 619 3835 3.

182 3878 272 3919 Lutherl
286 3888 335 3928 opo.
348 3881 432 3928 eroget.
462 3879 511 3920 Vol.
524 3878 600 3921 mv.
886 3869 920 3923 17
