2575 4225
429 278 528 341 Oreas
551 278 736 361 prophetae.
1020 284 1059 344 11

4 516 7 527 ,
122 456 240 520 trariae
263 454 428 533 videntur,
456 456 508 519 vel
529 456 565 519 in
586 456 649 519 hoo
670 457 751 523 loeo.
803 457 876 522 Non
904 458 1062 540 populum

121 546 270 611 futurum
293 544 374 609 dieii
395 550 428 609 et
449 550 560 609 tamen
582 551 641 609 ete.

406 704 449 769 Et
471 705 531 768 erit
552 705 676 771 Israhel
699 702 778 769 ete.¹

212 812 277 874 Hic
304 811 394 875 vides
422 811 510 892 quod
533 812 652 876 Paulus
681 811 761 876 dicit
782 815 874 877 Rom.
902 816 934 877 1:
959 815 1060 878 Evau-

122 902 246 981 gelium
273 901 469 982 promissum
498 901 534 963 in
556 901 739 983 prophetis,
770 903 844 966 vide
873 903 972 967 huius
1000 904 1063 967 loci

120 990 423 1071 interpretationem
438 984 613 1053 inPaulo.²
639 991 790 1071 Regnum
799 991 883 1055 Iuda
893 1011 1062 1072 nunquam

122 1084 172 1143 est
200 1078 360 1155 deletum,
389 1078 446 1143 sad
468 1080 662 1143 translatum
683 1078 719 1142 in
741 1080 868 1144 melius.
914 1083 1062 1163 Regnum

121 1166 243 1231 Christi
266 1174 315 1231 est
337 1169 533 1233 conservatio
555 1168 648 1251 regni
669 1168 760 1231 Iuda.

432 1322 493 1392 ⁸Et
515 1328 577 1391 erit
597 1347 762 1392 numerus.

213 1434 367 1499 Similiter
378 1435 413 1498 in
426 1435 504 1499 Ena:
520 1434 607 1498 hune
619 1436 778 1517 populum
789 1440 933 1519 tempore
944 1434 1063 1499 Christi

123 1524 226 1587 fuisse
260 1523 513 1605 multiplicatum
539 1530 572 1588 et
599 1524 871 1588 innumerabilem
904 1530 1063 1589 testamur

121 1612 288 1688 historiae,
312 1612 399 1693 regio
422 1632 533 1677 eorum
556 1612 655 1695 plena
677 1618 745 1675 erat
767 1617 800 1676 et
821 1612 974 1677 omnibus
996 1613 1063 1677 iere

120 1701 308 1767 civitatibus
336 1700 499 1782 gentium,
531 1701 630 1765 etiam
659 1702 803 1765 Rhomae
826 1708 918 1766 erant
939 1701 1061 1767 Iudaei.

522 1844 562 1906 In
583 1844 663 1907 loeo.

213 1951 286 2013 Non
307 1950 441 2025 Iesrael,
470 1969 537 2013 non
563 1949 700 2027 iudaea,
730 1950 788 2013 sed
821 1951 879 2013 ubi
906 1950 1063 2013 hactenus

122 2061 191 2103 non
214 2039 279 2102 fuit
298 2038 437 2120 populus
453 2037 516 2116 dei,
538 2038 653 2102 idest:
677 2038 913 2120 praedicabitur
927 2058 1063 2120 regnum

122 2131 186 2208 dei,
210 2129 344 2196 victoria
365 2128 486 2206 mortis,
510 2130 635 2210 peccati
649 2128 837 2205 inferorum,
861 2129 982 2210 alioqui
997 2149 1063 2192 non

121 2225 257 2302 possent
278 2216 386 2282 vocari
415 2217 473 2278 filii
496 2215 549 2279 dei
577 2217 613 2279 in
640 2217 711 2280 loeo
741 2237 807 2280 non
828 2217 976 2294 Iudaeo,
1006 2217 1063 2281 sed

122 2307 253 2389 gentili,
284 2305 366 2368 alius
395 2306 455 2369 erit
482 2307 639 2388 populus,
670 2326 736 2370 non
765 2306 892 2370 adfixus
926 2307 997 2372 loeo
1031 2313 1064 2370 et

5 2391 12 2452 t
126 2396 279 2461 externis.

462 2517 567 2600 Caput
588 2513 723 2582 unum.⁴

6 2673 8 2706 z
214 2625 399 2690 Necessario
433 2625 586 2704 intelligit
619 2625 660 2688 de
697 2645 796 2706 regno
825 2624 959 2700 christi,
990 2630 1065 2706 post

6 2719 14 2792 ἓ,
125 2715 363 2798 separationem
377 2713 469 2794 regni
480 2721 553 2794 post
564 2713 770 2778 Solomonem
784 2733 954 2794 nunquam
964 2713 1063 2776 hahu-

124 2811 222 2870 erunt
238 2823 342 2868 unum
357 2808 464 2885 eaput,
480 2801 516 2864 id
533 2807 596 2866 est:
613 2822 723 2884 regem
741 2803 960 2884 temporalem.
991 2802 1065 2864 Non

7 2927 9 2978 3
124 2894 261 2958 stabunt
292 2892 373 2955 haee
407 2891 512 2955 solum
546 2892 658 2969 verba,
692 2892 826 2956 omnino
862 2890 1063 2966 abiicientur,

7 2985 13 3056 ἴ
125 2986 223 3048 erimt
244 2981 383 3064 populus
412 2987 446 3044 et
467 2980 527 3044 filii
549 2980 618 3058 dei,
649 2981 714 3044 nisi
743 2980 918 3062 corporalia
940 2978 1065 3043 abiecte

125 3070 297 3151 intelligas,
321 3069 500 3151 spiritualia
522 3069 685 3133 suscitata.

472 3229 515 3291 Et
536 3227 721 3291 ascendent.

216 3337 290 3401 Non
304 3341 426 3418 ponent
447 3335 510 3398 hoe
524 3354 660 3415 reguum
675 3334 712 3397 in
726 3340 819 3410 terra,
843 3332 900 3396 sed
915 3333 1064 3395 extollen-

164 3448 181 3490 r
203 3445 224 3490 a
238 3430 322 3488 terra
345 3423 385 3490 de
408 3423 460 3487 die
483 3423 519 3488 in
541 3424 639 3500 diem,
663 3444 684 3486 a
698 3423 831 3487 terrenis
847 3421 890 3485 ad
904 3421 1065 3499 eoelestia,

151 3534 212 3579 uae
234 3533 363 3578 sursum
385 3519 471 3590 sunt,
495 3512 597 3595 sapite
620 3518 679 3576 ete.

157 3638 344 3649 -.——-——

218 3688 256 3812 11)1
265 3705 292 3743 v.
312 3685 354 3740 10.
379 3685 408 3754 2)
421 3687 502 3742 Rom.
516 3687 541 3757 9,
554 3685 597 3742 26.
622 3686 652 3754 3)
665 3685 772 3754 Incipit
784 3685 832 3740 iol.
846 3683 906 3738 108.
919 3684 952 3738 Β.
971 3681 1066 3738 MSOL

175 3778 202 3818 v.
260 3799 265 3814 .
