2575 4225
435 267 560 334 Hoseae
583 268 768 350 prophetae.
1006 268 1072 331 441>
1184 242 1190 273 ²

130 446 267 509 verbum
302 450 336 507 et
368 445 615 526 promissionem
650 445 690 508 de
719 445 845 508 Christo
878 444 1069 525 negligebat,

132 534 245 597 oderat
274 533 401 610 fratros,
433 536 491 614 qui
518 554 630 598 verum
661 534 785 597 cultum
812 533 1008 610 retinebant,
1040 538 1074 597 et

131 623 297 687 nitebatur
319 623 386 685 suis
400 623 533 699 meritis,
558 643 597 685 ac
611 623 815 704 pertinaciter
830 623 989 685 retinebat
1006 622 1071 685 ido-

130 712 261 775 latricos
283 712 402 787 cultus,
437 711 637 775 sacrificabat
666 712 774 776 vitulis
801 717 860 775 eto.
906 712 950 773 At
975 712 1072 775 Iacob
1115 720 1116 723 ’
1182 682 1187 691 ’

132 801 267 863 domino
289 800 350 864 deo
365 801 507 863 Zebaoth
529 800 692 864 excitabat
714 802 821 877 altare,
844 805 1074 863 attestaretur
1191 860 1195 869 ,
1228 802 1257 871 ‘5³

133 889 317 953 accredere
340 890 545 971 promissioni
566 890 613 953 ibi
636 890 749 953 factae.

223 978 287 1040 Hic
301 979 419 1041 iterum
433 980 620 1041 memineris
634 978 781 1059 mysterii
795 978 957 1054 trinitatis,
975 978 1074 1041 deum

134 1073 168 1131 et
189 1068 341 1147 angelum
363 1073 470 1144 vocat,
501 1088 540 1131 ac
561 1074 635 1149 post
657 1067 775 1131 additz·
797 1067 837 1129 ln
859 1068 941 1130 Beth
964 1068 1004 1129 El
1027 1068 1074 1129 in·

132 1156 225 1220 venit
246 1176 336 1232 eum,
367 1162 401 1219 et
422 1156 469 1219 ibi
490 1155 616 1220 locutus
638 1162 688 1219 est
709 1156 813 1220 nobis.
860 1151 982 1229 ausu
1021 1156 1074 1218 Ni-

134 1246 257 1307 mirum
278 1246 336 1325 qui
360 1251 429 1308 erat
451 1245 529 1308 deus
552 1251 585 1308 et
607 1245 740 1323 angelus
765 1245 919 1321 ,Maleach
943 1247 1013 1307 stef
1037 1250 1076 1308 ut

135 1340 246 1398 autem
268 1354 398 1415 prorsus
419 1334 503 1396 nihil
525 1334 667 1409 dubites,
692 1334 765 1413 quis
788 1334 841 1395 ille
865 1324 944 1396 deus
967 1339 1000 1396 et
1021 1354 1074 1395 an·

135 1423 226 1503 gelus
249 1424 299 1499 sit,
325 1424 428 1487 addit:
456 1423 615 1486 Dominus
638 1422 718 1485 deus
741 1422 949 1498 exercituum,
974 1422 1074 1485 domi·

135 1531 199 1575 nus
225 1513 426 1587 memoriale,
457 1531 515 1574 seu
541 1532 661 1574 nomen
684 1510 763 1574 elus.
809 1511 874 1574 Hic
900 1516 1075 1591 augustum

135 1600 190 1663 dei
212 1620 332 1663 nomen
357 1602 492 1678 ,Iehova‘
517 1600 669 1664 tribuitur
690 1600 823 1663 domino
846 1606 955 1664 nostro
978 1600 1076 1663 Ihesu

136 1688 279 1766 Christo,
311 1689 398 1770 quod
427 1690 497 1771 ipse
526 1689 588 1751 sibi
614 1689 728 1765 sumit,
754 1709 829 1751 cum
858 1688 949 1752 dicit:
986 1683 1075 1751 2Phi-

135 1778 241 1859 lippe,
273 1780 330 1859 qui
351 1778 440 1843 videt
461 1798 529 1853 me,
557 1777 646 1842 videt
667 1782 793 1859 patrem
814 1796 934 1839 meum.
980 1778 1076 1845 Hanc

135 1868 244 1929 lucem
266 1868 352 1931 caeci
373 1866 487 1930 Iudaei
509 1886 575 1929 non
597 1866 690 1945 digni
713 1871 841 1929 suntut
855 1866 994 1942 videant,
1018 1866 1074 1928 ita·

137 1976 201 2036 qna
224 1976 299 2019 cum
321 1957 435 2037 legunt
454 1956 544 2031 haec,
569 1955 649 2035 quid
663 1956 773 2033 legant
787 1955 943 2030 nesciunt,
968 1961 1001 2018 et
1017 1954 1074 2015 im-

136 2045 289 2127 possibile
311 2051 374 2122 est,
403 2050 441 2107 ut
464 2064 505 2106 ex
526 2044 588 2107 hoo
609 2045 679 2107 loco
708 2044 833 2126 possint
861 2062 894 2107 se
923 2044 1074 2122 evolvere,

13 2130 15 2185 ἶ
137 2141 194 2198 aut
228 2155 304 2198 eum
336 2141 420 2198 recte
454 2134 623 2215 explicare.
670 2133 705 2196 Si
738 2140 847 2196 autem
874 2153 986 2197 verum
1017 2139 1074 2210 est,

138 2223 227 2303 quod
248 2224 423 2305 prophetae
447 2243 488 2285 ex
508 2223 624 2304 spiritu
639 2228 750 2286 sancto
765 2223 865 2285 locuti
880 2228 964 2298 sunt,
989 2221 1077 2302 quod

137 2318 245 2393 potest
267 2313 419 2376 trinitatis
442 2312 558 2375 clarius
580 2311 803 2375 testimonium
825 2311 973 2375 ostendi?
1014 2310 1077 2373 Sed

138 2421 310 2483 pergamus
332 2401 375 2465 ad
397 2402 529 2481 reliqua.

231 2599 249 2640 r
271 2586 312 2642 tu
335 2579 381 2642 ad
397 2579 511 2640 deum
527 2585 638 2641 tuum
657 2577 931 2653 convertaris,
954 2576 1077 2638 bene·

246 2668 458 2731 fioentiam
501 2673 539 2730 et
579 2666 773 2730 iudicium
812 2665 989 2742 custodi,
1040 2670 1080 2728 et

183 2757 506 2838 speraindeum
530 2762 641 2819 tuum
665 2775 824 2837 semper.

138 2931 344 3043 *Proponant
365 2935 523 3036 propheta
544 2933 950 3034 exemplumpatriarohae
972 2932 1079 3008 Iacob,

219 3042 311 3086 ouius
345 3042 465 3085 nomen
498 3022 653 3085 idolatrae
675 3021 838 3084 Israelitae
867 3020 1079 3101 usurpabant,

17 3118 19 3157 l
139 3113 286 3176 sednon
307 3111 520 3175 imitabantur
542 3111 650 3174 fidem.
696 3111 791 3173 Nunc
817 3095 947 3172 subiicit
969 3109 1079 3170 exhor·

138 3203 310 3288 tationem,
340 3200 392 3262 fao
421 3205 458 3264 tu
480 3220 608 3281 quoque
632 3200 759 3276 eadem,
790 3197 910 3278 inquit,
942 3202 975 3260 et
996 3203 1080 3259 recte

138 3289 303 3355 vocaberIs
326 3289 432 3352 Iacob.

229 3501 258 3568 1)
278 3498 413 3554 Christus
430 3497 510 3552 dens.
546 3496 575 3565 2)
594 3498 655 3551 Ioh.
676 3496 718 3551 14.

204 3677 255 3805 a.)
279 3677 316 3731 In
333 3692 422 3743 marg.
449 3676 511 3730 0011.
537 3676 613 3729 rea:
649 3674 819 3728 Exhortatio
842 3673 879 3727 aa
906 3672 1081 3727 aminneam
1169 3743 1172 3748 Δ

157 3766 204 3805 wo
226 3790 232 3804 ⁸
1234 3757 1238 3766 .
