2575 4225
214 279 278 343 316
543 278 647 359 Caput
670 276 821 357 quintum

212 457 375 538 religionis
398 457 433 520 in
456 456 567 531 Ahab,
597 454 632 517 in
655 455 819 530 Manasse,
850 457 883 515 et
909 449 1070 515 similibus
1100 450 1154 529 sit,

103 568 106 571 ’
212 547 359 611 videmus
382 565 504 607 omnes.
550 546 634 606 Nam
657 564 698 605 ne
719 542 829 606 liberis
853 540 985 621 quidem
1002 547 1156 623 parcunt,
1282 522 1285 535 ¹

212 642 250 698 ut
271 634 444 697 ostendant
465 654 499 697 se
522 633 582 695 deo
605 634 743 697 libenter
765 632 845 697 velle
868 650 936 693 rem
959 635 1084 710 gratam
1108 629 1156 691 fa·

213 744 291 801 cere,
316 729 349 787 et
371 724 401 786 ei
424 722 557 799 servire,
582 722 639 786 sed
662 721 719 802 qui
741 722 801 784 hos
825 721 929 783 cultus
953 719 994 780 ad
1017 719 1155 782 verbum

85 818 88 822 ’
213 812 352 885 confert,
381 811 470 876 ridet
492 832 561 875 esse
584 818 763 875 extremam
786 809 982 885 idolatriam,
1014 808 1155 871 aeternis

212 902 360 964 flammis
375 901 518 983 dignam.

122 1054 124 1059 Α
301 993 408 1071 Auget
429 996 538 1055 autern
562 993 730 1071 peccatum
753 986 925 1069 propheta,
949 984 1037 1067 quod
1061 984 1158 1053 addit

213 1080 253 1143 de
277 1080 391 1143 alienis
413 1081 503 1157 filiis,
536 1078 696 1159 signifieat
719 1078 806 1139 enim
829 1074 1033 1150 scandalum,
1064 1072 1156 1153 quod

213 1170 393 1252 posteritati
416 1169 556 1251 ponitur.
603 1168 693 1229 Haec
716 1166 804 1231 enirn
828 1164 906 1245 quia
927 1165 1088 1227 maiorum
1102 1182 1156 1227 ve·

214 1260 317 1339 stigiis
340 1258 471 1335 insistit,
498 1278 565 1321 non
587 1261 694 1339 potest
716 1254 882 1339 pervenire
905 1252 946 1315 ad
968 1272 1061 1316 verae
1084 1250 1154 1335 reli-

214 1348 318 1428 gionis
352 1347 559 1426 agnitionem.
614 1346 666 1408 Sic
700 1345 848 1422 ridemus
882 1344 917 1405 in
952 1341 1156 1417 adversariis,

215 1456 314 1516 quam
352 1436 558 1516 pertinaciter
594 1436 756 1497 maiorum
794 1432 942 1514 exempla
983 1431 1157 1493 retineant.

214 1524 307 1586 Idem
336 1530 445 1586 autem
473 1530 626 1604 utrosque
654 1527 767 1587 manet
799 1521 972 1584 iudicium:
1018 1519 1159 1581 Vorabit

216 1632 269 1675 eos
292 1613 422 1690 mensis,
445 1614 508 1676 hoo
523 1620 580 1690 est,
604 1613 754 1676 idolatria
772 1610 884 1693 perdet
898 1630 961 1673 eos.
1008 1608 1159 1670 Mensem

216 1702 304 1763 enim
327 1703 431 1783 accipi
452 1702 507 1765 hic
529 1701 653 1778 iudico,
685 1702 769 1764 sicut
788 1701 903 1781 supra:
917 1712 930 1730 ⁸
943 1697 1159 1760 Neomeniam
1284 1764 1285 1767 ,

216 1810 337 1854 cessare
367 1791 500 1868 faciam,
530 1811 608 1853 narn
630 1791 823 1854 Iudaeorum
852 1786 1089 1870 expositionem
1117 1785 1160 1847 de

215 1900 326 1943 mense
349 1900 416 1943 non
438 1881 549 1962 probo.

297 2077 456 2157 tangite
490 2096 615 2139 cornu
650 2075 692 2138 in
727 2074 865 2152 Gibea‚
905 2078 945 2138 et
978 2071 1078 2136 tuba
1116 2072 1188 2139 in„
1283 2040 1285 2101 ἶ

316 2166 446 2242 Rama,
471 2165 604 2228 canite
628 2165 842 2227 classicum
857 2163 897 2225 in
912 2162 1160 2240 Beth-Auen,
1283 2159 1285 2236 ζ

261 2259 420 2334 postte
449 2253 712 2315 oBeniamin.
759 2253 954 2334 Ephraym
981 2251 1021 2313 in
1052 2249 1160 2314 deso·
1284 2283 1285 2344 p

259 2343 455 2406 lationem
478 2343 558 2405 erit
579 2342 623 2404 in
645 2341 708 2404 die
730 2340 1009 2426 correptionis.

215 2534 311 2647 ἪῙΟ
334 2558 462 2618 quoque
485 2538 566 2619 quid
589 2538 645 2600 alii
667 2534 815 2614 sentiant,
839 2535 985 2616 relinquo
1000 2535 1162 2600 iudicium

304 2627 424 2702 lectori,
448 2627 532 2689 mihi
549 2627 676 2691 videtur
692 2646 760 2690 esse
775 2626 949 2690 vehemens
965 2625 1160 2702 adhortatio,

216 2720 253 2774 ut
275 2713 311 2773 in
333 2715 385 2775 his
408 2719 566 2793 tanquam
594 2714 782 2777 editioribus
811 2714 904 2790 locis,
936 2714 1064 2796 publice
1096 2716 1163 2778 hoc
1283 2719 1285 2784 i

216 2801 439 2882 proclametur,
464 2802 551 2882 quod
573 2803 739 2884 Ephraym
761 2803 797 2865 in
820 2803 882 2879 die,
907 2805 982 2864 curn
1005 2803 1162 2882 dominus
1283 2833 1285 2844 ⁴

217 2910 290 2952 earn
312 2890 465 2968 visitabit,
490 2890 684 2955 desolandus
707 2892 758 2968 sit,
781 2892 844 2954 hoc
859 2897 916 2967 est,
941 2891 1089 2972 captivus
1105 2892 1160 2953 ab·

217 2979 384 3043 ducendus
399 2981 434 3042 in
449 2986 561 3062 gentes
577 2981 646 3044 sine
669 2981 736 3043 ulla
756 3000 813 3063 spe
828 2979 960 3056 reditus,
985 3000 1025 3043 ne
1042 2985 1163 3061 putent
1284 2975 1285 3054 J

216 3070 276 3130 has
305 3069 412 3132 minas
446 3090 515 3133 esse
549 3090 658 3134 vanas.
706 3069 757 3132 Sic
792 3069 880 3132 enim
914 3069 1018 3132 solent
1052 3068 1160 3150 impii,
1283 3087 1285 3148 ᾗ

218 3163 430 3222 contemnunt
452 3159 609 3222 iudicium
632 3158 700 3234 dei,
729 3177 788 3220 nec
817 3155 949 3239 putant'
962 3157 1061 3228 deum
1089 3163 1162 3220 tam

218 3265 344 3308 saevere
367 3247 675 3323 animadversurum,
700 3252 776 3309 sunt
790 3247 889 3326 igitur
905 3247 1016 3310 securi.
1063 3246 1162 3309 Hanc
1283 3239 1285 3312 ᾗ

218 3334 422 3397 securitatem
444 3341 536 3416 optat
558 3335 716 3417 propheta
738 3335 838 3397 eximi
860 3355 954 3417 posse
974 3335 1102 3412 animis,
1126 3341 1161 3396 e*
1283 3379 1285 3412 2

217 3424 372 3524 irortatur,
396 3428 434 3486 ut
454 3424 575 3503 ubique
597 3424 659 3487 hoc
682 3423 806 3486 domini
828 3424 976 3488 futurum
998 3424 1150 3500 iudiciurr

218 3517 407 3574 innotescat.
1037 3512 1042 3518 ’

308 3685 332 3750 ·)
351 3685 386 3737 In
411 3700 499 3752 marg.
526 3685 587 3739 coll.
610 3686 687 3739 Ien.:-
713 3685 884 3742 Adhortatio
909 3690 942 3740 ut
967 3687 1138 3754 proclamati

217 3755 358 3823 Ephraim
377 3757 524 3824 captivum
542 3755 752 3812 abducendum.
1060 3800 1064 3805 -
