2575 4225
207 288 273 351 514
347 344 350 353 ,
458 286 563 368 Caput
584 291 737 365 quartum
759 282 922 348 decimum

221 496 225 504 ·
297 466 357 528 Est
387 464 486 544 igitur
516 462 692 526 sententie:
732 461 797 534 Qui
826 461 925 524 deum
953 461 1086 538 timent,
1115 455 1155 524 hi
1277 467 1280 518 1

208 575 285 620 sane
307 555 413 616 minae
433 554 494 614 hes
520 571 587 614 non
610 556 825 626 contemnent,
851 549 907 612 sed
931 551 1155 614 emendabunt
1276 565 1280 620 ξ

206 644 321 719 vitum,
359 647 393 703 et
418 641 596 704 studebunt
630 658 741 720 parere
770 638 845 715 deo,
881 659 947 701 non
978 639 1156 702 irritebunt

207 753 282 796 cum
305 730 445 811 emplius
467 730 570 810 impia
591 727 659 791 vita
681 733 714 790 et
737 727 876 792 cultibus
902 727 1022 809 impiis.
1069 729 1153 791 Reli-

105 810 108 817 ’
207 841 310 902 quum
337 824 447 882 autem
469 819 585 898 vulgus
615 817 693 896 quia
716 817 807 880 stulti
837 823 928 893 sunt,
958 823 1095 898 pergent
1116 818 1155 880 in

205 909 385 989 impietate.

206 1085 280 1198 Sed
311 1107 367 1150 cur
396 1087 458 1148 hoc
487 1085 548 1148 fit?
593 1083 657 1156 Cur
685 1103 752 1146 non
781 1083 885 1146 maior
911 1103 986 1164 pars
1015 1085 1151 1146 verbum

262 1175 490 1258 amplectitur?
549 1173 636 1235 Num
670 1172 743 1234 ideo
778 1172 924 1235 doctrina
960 1173 1047 1234 mela
1081 1174 1154 1236 est?

206 1265 295 1329 Sicut
316 1264 413 1327 hodie
436 1261 609 1327 adversarii
631 1261 749 1338 nostri,
774 1262 852 1340 quie
874 1260 1025 1324 scandala
1047 1263 1153 1324 mults

206 1354 294 1434 apud
324 1373 384 1416 nos
416 1358 508 1427 sunt,
546 1357 578 1414 et
606 1351 702 1430 pauci
733 1349 867 1430 dignam
897 1351 1063 1413 vocatione
1094 1371 1154 1414 suc

205 1444 307 1506 vitem
329 1442 452 1517 vivrmt
476 1439 657 1504 doctrinam
674 1444 826 1502 accusant
849 1444 881 1501 et
903 1437 1062 1502 damnant
1081 1444 1151 1502 tan-

205 1550 304 1610 quam
333 1529 467 1604 mnlcm,
504 1533 536 1590 et
559 1547 641 1608 quae
669 1529 722 1590 his
753 1527 913 1590 scandalis
948 1528 1150 1591 occasionem

205 1619 367 1701 praebeat.
404 1617 487 1693 Non,
510 1617 627 1695 inquit,
652 1617 819 1697 propheta,
843 1617 989 1679 doctrine
1003 1617 1078 1680 ideo
1101 1637 1149 1680 cc-

164 1744 172 1750 *
206 1706 349 1771 cusanda
377 1711 435 1769 est.
482 1705 567 1779 Quia
587 1706 660 1768 viee
687 1704 812 1768 domini
838 1711 942 1768 rectae
970 1711 1062 1783 sunt,
1087 1708 1152 1769 hoc

205 1803 266 1874 est,
297 1796 444 1860 doctrina
470 1800 519 1858 est
541 1800 653 1857 sancta
675 1814 713 1856 ec
736 1796 807 1876 pia,
839 1814 876 1856 ac
900 1795 956 1874 qui
986 1815 1059 1856 eam
1084 1815 1149 1857 am·

204 1887 398 1966 plectuntur,
421 1884 458 1945 hi
480 1889 565 1946 reete
588 1883 757 1946 ambulant
779 1883 871 1958 iusti,
895 1883 1012 1961 inquit,
1037 1885 1150 1948 ambu-

203 1976 274 2037 lant
306 1976 342 2036 in
378 1967 453 2036 eis.l
503 1973 568 2046 Qui
606 1971 694 2034 enim
726 1972 862 2035 verbum
899 1973 1148 2052 amplectuntun

205 2064 283 2144 quia
305 2063 440 2127 credunt
465 2060 525 2124 deo
552 2081 610 2143 per
632 2080 743 2124 semen
771 2061 918 2123 futurum
946 2061 1151 2143 promittenti

204 2154 426 2216 remissionem
459 2157 663 2233 peccatorum
698 2155 730 2213 et
765 2150 864 2214 vitam
899 2156 1076 2227 aeternam,
1113 2152 1150 2213 hi

204 2241 419 2303 iustificantur
449 2246 481 2303 et
515 2240 638 2302 vivunt.
690 2239 752 2301 Sed
781 2239 891 2320 impii,
927 2240 984 2319 qui
1012 2242 1150 2303 verbum

205 2330 370 2407 abiiciunt,
395 2334 543 2392 corruent
565 2350 632 2391 non
648 2326 811 2391 doctrinae
834 2328 927 2405 vicio,
953 2348 1035 2408 quae
1058 2329 1149 2392 aliud
1267 2366 1277 2414 ·.

204 2439 270 2481 non
293 2424 415 2499 potest,
445 2438 544 2497 quam
573 2418 694 2480 salvare
724 2422 756 2479 et
777 2416 965 2493 iustificare,
997 2418 1054 2479 sed
1078 2438 1149 2481 sun.
1272 2458 1278 2502 ;

209 2502 312 2581 ²Quia
328 2508 416 2569 enim
439 2508 576 2570 salutem
591 2506 757 2582 abiiciunt,
782 2510 915 2587 pereant
937 2524 1065 2569 necesse
1089 2513 1147 2571 est.
1273 2557 1277 2576 .

294 2596 451 2660 Convenit
485 2596 584 2675 igitur
611 2594 771 2657 sententia
803 2614 877 2656 eum
905 2594 960 2657 illo
988 2594 1149 2659 Simeonis

205 2684 308 2747 dicto:
332 2685 397 2745 Hic
411 2684 536 2764 positus
559 2688 608 2745 est
630 2682 666 2744 in
680 2684 808 2745 ruinam
832 2688 864 2745 et
882 2684 1149 2747 resurrectionem

204 2772 381 2835 multorum
402 2772 439 2833 in
460 2771 637 2846 Israel,'et
659 2772 695 2833 in
718 2771 856 2851 signum,
885 2772 937 2834 cui
960 2774 1148 2835 contradici

204 2867 266 2925 tur.
312 2860 396 2923 Item
412 2880 487 2923 cum
501 2860 557 2922 illo
576 2860 710 2923 Christi:
739 2854 830 2923 3Νο11
844 2861 927 2937 veni,
953 2866 990 2923 ut
1004 2862 1149 2924 iudicem
1270 2909 1279 2938 r

203 2950 379 3027 mundum,
417 2949 475 3013 sed
501 2956 539 3013 ut
567 2950 687 3013 salvem
716 2950 885 3011 mundum.
937 2950 1001 3023 oui
1035 2951 1150 3013 abiicit
1278 2940 1280 2953 ¹

204 3046 272 3115 me,
305 3045 337 3101 et
363 3060 430 3101 non
458 3039 576 3119 accipit
602 3038 700 3101 verba
730 3059 816 3115 mea,
857 3039 956 3100 habet
983 3040 1041 3119 qui
1070 3060 1149 3102 eum
1273 3103 1280 3114 ,

203 3127 369 3189 iudicabit,
418 3122 583 3190 ⁴Verbum
606 3127 798 3207 enimquod
816 3128 1039 3205 inactuosum,
1064 3128 1149 3193 illud

203 3216 362 3279 iudicabit
391 3235 467 3278 eum
493 3216 530 3277 in
561 3214 736 3279 novissimo
766 3215 827 3277 die.
880 3216 922 3277 st
951 3216 1088 3296 Iohann.
1116 3218 1148 3281 3.
1273 3216 1280 3282 3

208 3298 292 3379 ⁵Qui
313 3326 379 3368 non
408 3304 523 3380 credit,
553 3304 620 3365 iam
648 3303 808 3367 iudicatus
834 3309 891 3367 est.
939 3304 1028 3367 Sicut
1056 3306 1149 3368 enim

203 3396 362 3475 propheta
383 3394 438 3456 hic
465 3391 592 3456 domini
613 3392 682 3457 vias
704 3397 807 3456 rectas
829 3397 935 3469 vocat,
967 3394 1003 3455 in
1026 3396 1111 3473 quib·

203 3483 281 3547 iusti
305 3484 488 3559 ambulant,
517 3482 563 3545 sio
586 3481 731 3571 Christus
755 3502 788 3544 se
811 3502 868 3565 per
891 3482 1025 3546 verbum
1047 3503 1115 3547 suu:

207 3625 421 3637 ———

294 3691 321 3759 1)
334 3693 422 3747 Pauci
433 3691 555 3747 verbum
566 3694 787 3761 amplectuntur.
825 3690 852 3760 2)
866 3692 934 3744 Luc.
948 3688 972 3745 2.
1001 3688 1030 3757 3)
1043 3689 1107 3745 Ioh.
1122 3696 1123 3729 ³

203 3760 232 3828 4)
250 3762 311 3815 1011.
332 3762 374 3816 12.
410 3764 437 3829 5)
455 3763 517 3817 Ich.
535 3762 561 3816 3.
