2575 4225
435 276 561 340 Hoseae
583 277 768 358 prophetae.
1010 285 1071 346 163

132 453 299 530 ascendet,
333 460 365 517 et
387 454 538 517 arefaciet
559 475 676 519 venam
699 456 778 532 eius,
803 462 835 518 et
856 455 980 520 fontem
1004 462 1073 524 eius

132 543 298 606 exiccabit.
327 544 402 625 Ipse
418 543 549 625 diripiet
563 545 751 608 thesaurum
763 544 910 607 omnium
922 568 1071 612 vasorum

131 631 404 696 desiderabilium.

549 875 696 980 ΧΠΠΙ.

134 1052 393 1167 ¹Davastabitur
427 1060 586 1137 Samaria,
622 1061 777 1140 quoniam
811 1061 976 1127 rebellavit
1010 1065 1070 1128 deo
1125 1127 1128 1130 ,

218 1168 286 1210 suo.
333 1148 393 1210 Per
414 1149 558 1228 gladium
581 1149 706 1225 cadent,
731 1150 856 1230 parvuli
879 1171 989 1215 eorum
1005 1155 1070 1216 alli·

10 1240 11 1255 ’
129 1236 255 1313 dentur,
281 1241 313 1299 et
335 1244 527 1318 pregnantes
550 1239 620 1301 eius
643 1238 874 1301 discindentur.

222 1320 430 1390 'Convertere
452 1328 552 1389 Israel
574 1327 616 1389 ad
639 1327 810 1390 dominum
838 1327 937 1392 deum
964 1336 1068 1408 tuum,

10 1416 11 1491 i
130 1414 286 1494 quoniam
309 1416 455 1478 corruisti
477 1422 608 1498 propter
629 1416 836 1496 iniquitatem
863 1423 963 1482 tuam.
1010 1423 1068 1484 Ac-

129 1503 226 1584 cipite
241 1503 408 1566 vobiscum
424 1505 529 1581 verba,
547 1512 580 1568 et
594 1505 819 1570 convertimini
834 1506 876 1568 ad
888 1507 1067 1587 dominum,

10 1591 11 1667 J
128 1599 160 1655 et
181 1592 281 1655 dicite
304 1591 346 1654 ad
369 1611 458 1654 eum:
482 1594 621 1656 Omnem
644 1596 770 1658 remitte
793 1595 1009 1675 iniquitatem,
1038 1607 1070 1662 et

10 1677 11 1755 ἶ
127 1681 214 1744 dona
235 1682 369 1758 bonum,
395 1688 427 1745 et
448 1678 620 1747 reddemus
642 1685 760 1746 vitulos
775 1684 935 1747 labiorum
950 1694 1068 1750 nostro·

10 1771 13 1849 ζ
127 1789 210 1832 rum.
258 1772 360 1833 Assur
381 1791 448 1833 non
471 1770 608 1836 salvabit
630 1793 704 1849 nos,
735 1791 831 1853 super
854 1792 974 1853 equum
1003 1795 1069 1838 non

127 1858 349 1936 ascendemus,
367 1880 472 1940 neque
488 1861 631 1924 dicemus
647 1862 731 1924 ultra
746 1862 896 1943 operibus
911 1883 1069 1926 manuum

127 1955 326 2012 nostrarum:
359 1949 406 2011 dii
428 1950 537 2012 nostri.
585 1950 669 2023 Quia
691 1970 749 2030 per
771 1956 802 2012 te
818 1950 1070 2015 misericordiam

128 2037 336 2117 consequitur
358 2039 511 2119 pupillus.

221 2121 368 2189 ⁸Sanabo
391 2128 590 2191 aversionem
613 2147 739 2204 eorum,
764 2126 896 2208 diligam
921 2149 974 2193 eos
997 2152 1070 2195 mea

11 2247 12 2284 t
127 2222 258 2298 sponte,
295 2216 449 2295 quoniam
476 2217 565 2280 furor
593 2236 685 2280 meus
713 2236 842 2281 aversus
871 2225 919 2283 est
948 2220 989 2282 ab
1020 2241 1067 2284 eo.

126 2307 190 2368 Ero
219 2305 332 2380 israeli
361 2312 518 2385 tanquam
545 2326 613 2382 ros,
650 2312 682 2369 et
712 2306 839 2369 florebit
869 2309 953 2372 sicut
986 2331 1067 2387 rosa,

11 2387 12 2400 ¹
125 2395 204 2475 figet
226 2393 350 2456 radices
373 2414 447 2458 suas
470 2395 553 2459 sicut
574 2396 713 2471 libanus,
742 2394 965 2460 diffundentur
986 2401 1069 2461 rami

125 2484 212 2560 eius,
244 2489 278 2545 et
300 2484 361 2546 erit
383 2484 466 2547 sicut
488 2485 558 2547 olea
580 2483 786 2565 pulchritudo
817 2485 902 2560 eius,
930 2493 963 2549 et
990 2487 1069 2549 odor

11 2615 23 2630 .,
125 2573 196 2635 eius
220 2572 305 2635 sicut
326 2572 438 2649 libani,
465 2568 749 2636 4111111111111111
771 2572 828 2651 qui
843 2573 992 2638 habitant
1007 2576 1067 2639 sub

122 2662 243 2723 umbra
258 2661 337 2737 eius,
353 2662 463 2726 vivent
478 2662 651 2738 frumento,
668 2668 701 2724 et
716 2661 799 2724 sicut
809 2662 885 2726 vitis
897 2663 1066 2740 florebunt,

17 2765 22 2780 ·
124 2750 373 2813 celebrabuntur
395 2751 479 2813 sicut
500 2751 613 2814 vinum
633 2750 745 2812 libani.

216 2839 390 2920 Ephraim,
420 2838 499 2919 quid
522 2840 584 2903 tibi
606 2840 746 2921 amplius
769 2859 844 2902 cum
866 2841 976 2905 idolis:
1009 2862 1068 2922 ego

11 2955 12 3012 }
124 2927 266 2990 exaudio
290 2933 323 2991 ct
343 2927 478 3009 respicio
501 2932 543 2990 te.
590 2929 659 3007 Ego
675 2935 830 3008 tanquam
846 2929 934 2992 abies
950 2931 1066 3007 virens,

11 3071 12 3088 2
125 3037 167 3078 ex
190 3036 244 3078 me
265 3016 389 3078 fructus
411 3022 488 3079 tuus
510 3018 666 3098 provenit.
1020 3066 1025 3097 ,

217 3225 244 3294 1)
264 3226 381 3279 Summa
398 3226 567 3295 prophetiae
585 3226 682 3295 huius,
701 3224 776 3293 quod
789 3225 878 3279 Israel
897 3225 1065 3281 vastabitur.

22 3280 35 3303 ⁸
123 3297 153 3363 2)
172 3297 325 3366 Doctrina,
351 3302 385 3351 ut
409 3302 496 3363 agant
520 3296 729 3365 poenitentiam
759 3300 788 3349 et
813 3301 952 3362 quaerant
970 3298 1067 3352 remis-

158 3384 241 3423 >nem
261 3373 452 3436 peccatorum.
488 3368 517 3436 3)
540 3368 740 3437 Prommissio,
769 3368 912 3436 futurum,
940 3372 973 3421 ut
996 3368 1067 3421 deus
1096 3409 1102 3419 .

154 3440 305 3495 isereatur.
341 3438 370 3508 4)
389 3440 551 3506 Descriptio
569 3440 717 3508 ecclesiae,
743 3439 901 3491 secundum
924 3438 1066 3505 spiritum.
