2575 4225
215 270 286 334 410
544 271 649 353 Caput
671 270 834 334 decimum

216 448 391 524 tolluntur,
428 453 460 510 et
493 449 654 511 enascitur
684 468 725 511 ex
754 448 875 511 semine
902 446 1049 511 iusticias
1079 447 1163 510 alius

218 538 356 611 fructus,
386 536 605 599 beneficentia.
657 538 754 599 Hunc
782 538 924 600 fructum
951 536 1081 611 metite,
1113 542 1164 599 est

215 625 307 687 enim
329 644 422 688 verus
445 626 578 701 fructus,
604 625 674 688 sine
696 625 869 707 hypocrisi.
902 636 905 645 ’

308 714 367 777 Est
389 720 498 778 autem
520 714 657 795 insignis
685 715 830 778 doctrina
852 716 889 777 in
911 714 1007 777 verbo
1037 713 1162 790 metite,

168 830 172 834 ’
219 804 333 866 messis
356 823 422 865 non
445 804 616 880 antecedit,
641 804 698 866 sed
722 804 867 885 sequitur
890 798 1076 865 sationem.¹
1128 802 1164 865 si

218 892 317 971 igitur
338 892 468 955 iusticia
489 913 600 956 semen
623 898 680 969 cst,
706 893 779 972 quis
802 892 900 969 furor,
925 911 1007 971 quae
1024 890 1163 955 caecitas

216 980 474 1044 adversariorum
512 989 695 1046 nostrorum
729 988 791 1058 est,
835 980 921 1061 quod
959 1000 1070 1043 semen
1100 980 1164 1045 hoo
1276 1030 1278 1049 ,

214 1069 378 1134 damnant
399 1090 436 1134 ac
458 1070 624 1147 abiiciunt,
649 1077 682 1134 et
703 1076 819 1151 urgent
833 1070 992 1151 populum
1016 1068 1058 1131 ad
1080 1089 1162 1132 mes·
1273 1102 1277 1143 2

216 1162 309 1221 sem?
353 1161 394 1222 In
428 1161 579 1223 omnibus
609 1160 767 1240 suggestis
796 1158 971 1222 audiuntur
997 1159 1164 1240 praeclara
1276 1148 1277 1185 ³

216 1248 379 1312 bonorum
411 1269 545 1330 operum
580 1248 735 1312 encomia.
789 1249 878 1311 Haec
905 1248 986 1310 falso
1017 1247 1162 1310 anobis

215 1338 386 1400 clamitant
408 1338 540 1418 negligi,
570 1359 645 1401 cum
667 1338 728 1400 hoo
751 1357 855 1400 unum
882 1336 1002 1400 solicite
1026 1355 1163 1415 agamus

217 1425 349 1504 ubique,
373 1432 412 1488 ut
425 1446 537 1489 verum
553 1447 666 1490 semen
680 1428 830 1489 ecclesiae
846 1426 1014 1502 retineant,
1039 1444 1081 1487 ex
1096 1444 1162 1505 quo

199 1519 388 1583 ‚enascatur
417 1514 639 1578 beneficentia.
698 1516 767 1596 Ipsi
798 1520 907 1579 autem
942 1514 1027 1576 hane
1057 1519 1160 1577 totam

215 1601 382 1665 doctrinae
397 1609 523 1684 partem
545 1624 612 1667 non
634 1602 733 1667 modo
747 1625 814 1668 non
836 1601 977 1679 tradunt,
1003 1603 1060 1685 sed
1076 1623 1161 1684 pror-

215 1710 274 1753 sus
304 1712 371 1755 non
393 1692 593 1773 intelligunt,
626 1693 715 1773 quod
738 1694 825 1775 capti
851 1693 917 1755 suis
941 1692 1161 1773 opinionibus,
1277 1722 1278 1741 1

215 1785 376 1844 statuunt-
396 1782 560 1845 iusticiam
590 1803 676 1859 esse,
713 1802 779 1846 non
805 1780 1074 1862 imputationem,
1105 1781 1163 1844 sed

215 1870 418 1948 qualitatem.
449 1872 629 1935 Hortantur
651 1872 750 1951 igitur
768 1876 896 1934 tantum
919 1870 961 1932 ad
983 1869 1067 1932 bene
1090 1890 1161 1951 ope·
1277 1886 1278 1961 ζ

217 1958 367 2037 randum,
391 1960 479 2023 unde
494 1967 604 2024 autem
619 1980 658 2023 ea
673 1960 808 2023 facultas
825 1960 875 2035 sit,
892 1979 958 2021 non
974 1958 1160 2021 ostendunt.

308 2049 469 2131 Propheta
494 2049 593 2131 igitur
615 2050 717 2113 alium
745 2048 908 2112 doctrinae
932 2047 1079 2111 ordinem
1098 2052 1161 2111 tra·
1276 2056 1278 2122 ,l

214 2135 277 2198 dit.
323 2139 404 2201 Vult
432 2139 497 2201 feri-
518 2138 695 2216 iusticiam,
724 2139 786 2201 hoc
816 2143 878 2214 est,
910 2137 1092 2200 doctrinam
1122 2137 1162 2199 de
1276 2145 1277 2182 ῐ

213 2243 293 2286 ‘vera
324 2224 453 2289 iusticia
479 2247 537 2308 per
566 2227 744 2304 Christum,
776 2247 843 2289 non
871 2245 929 2308 per
957 2219 1072 2307 opera⁹
1106 2233 1164 2289 aut
1275 2213 1277 2242 ÷

214 2313 327 2376 studia
355 2321 477 2392 nostra,
509 2316 579 2380 vult
604 2315 698 2379 initio
728 2315 825 2392 tradi,
856 2335 892 2377 ac
920 2315 1062 2378 ostendit
1089 2323 1164 2396 post

217 2402 304 2465 hanc
319 2405 413 2485 quasi
428 2404 586 2468 sationem
602 2411 785 2468 secuturam
799 2424 947 2480 messem,
964 2424 1031 2466 non
1046 2404 1162 2466 talium

214 2511 363 2572 operum,
387 2513 469 2574 quae
492 2495 621 2574 fingunt
641 2495 838 2575 hypocritae,
862 2499 899 2557 ut
921 2511 1031 2574 perca
1053 2494 1162 2556 remis-
1274 2513 1276 2572 3

215 2580 344 2643 sionem
373 2588 578 2663 peccatorum
606 2589 859 2662 consequantur,
894 2582 1003 2662 qualia
1032 2581 1068 2643 in
1090 2582 1162 2662 loge
1198 2645 1201 2654 ,
1274 2605 1276 2660 3

216 2673 311 2729 erant
340 2671 508 2746 sacrificia,
544 2671 738 2746 oblationes,
770 2671 1008 2735 observationes
1038 2671 1164 2736 rituum
1274 2671 1275 2694 ³

219 2755 381 2835 legalium.
427 2758 467 2819 In
494 2765 617 2839 papatu
639 2765 748 2823 autern
778 2766 854 2823 sunt
880 2759 1020 2841 impium
1043 2759 1163 2822 missae

215 2844 426 2924 sacrificium,
451 2853 534 2924 vota,
546 2846 743 2925 coelibatus,
771 2849 913 2912 delectus
936 2849 1092 2924 ciborum,
1116 2869 1162 2910 ra·
1273 2901 1275 2924 ,

216 2933 265 2996 tio
288 2934 459 3015 singularis
481 2935 649 3013 vestiendi,
674 2937 833 3001 invocatio
857 2943 889 3000 et
911 2937 1016 3026 cultus
1040 2943 1162 3000 sancto·
1273 2939 1274 3012 ζ

218 3042 301 3099 rum,
326 3025 469 3090 adoratio
485 3032 674 3102 statuarum,
692 3026 749 3089 sed
771 3046 844 3089 vere
867 3027 952 3089 bona
967 3045 1064 3106 opera
1087 3025 1163 3087 dile·
1273 3037 1274 3058 ³

215 3112 351 3190 otionis,
382 3135 465 3194 quae
488 3114 541 3177 hic
566 3115 685 3192 ,hesed‘
710 3135 767 3178 seu
790 3115 1036 3178 beneficentiam
1057 3119 1162 3201 uocat,

218 3199 299 3263 haec
322 3203 410 3265 enim
433 3202 605 3268 absolvunt
628 3204 682 3266 dei
704 3205 837 3267 cultum.

217 3402 337 3540 operat)
360 3405 441 3458 Bona
461 3420 549 3472 opera
573 3408 734 3472 sequuntur
751 3404 905 3458 iusticiam.
941 3402 969 3471 2)
992 3403 1066 3478 Vere
1085 3401 1145 3458 bon

309 3678 334 3745 ⁸)
353 3679 441 3735 Deest
462 3680 496 3734 in
513 3679 576 3734 0011.
595 3680 686 3734 Vuitt.
723 3681 760 3734 In
785 3680 847 3734 coll.
869 3680 929 3736 Ien.
948 3666 1065 3746 legitur:
1095 3695 1143 3735 ver

216 3747 296 3802 bona
315 3763 408 3816 opera.
