2575 4225
442 279 569 341 Hoseae
592 279 777 361 prophetae.
1016 282 1077 346 251

233 450 315 518 ¹Sed
326 454 423 536 quod,
439 455 577 535 inquies,
594 456 657 519 hoc
675 456 789 520 foedus
801 460 872 521 est?
892 459 966 523 Non
980 460 1079 542 loqui-

136 553 190 609 tur
213 544 254 607 de
270 544 464 607 animalibus
479 545 663 614 volatilibus
686 551 719 609 et
732 547 905 625 vermibus,
931 550 1080 631 qualibus

136 635 317 699 vexabatur
338 639 430 697 vetus
449 634 599 715 populus.
646 634 709 697 Sed
732 636 891 716 significat
913 640 1081 702 ecclesiam

136 722 295 787 divinitus
319 722 486 785 defensam
509 722 584 786 iria
606 722 740 805 peccati,
765 730 895 789 satanae
919 733 950 790 et
965 728 1082 791 mundi

136 812 282 888 iniuriis,
317 817 355 874 ut
389 812 497 875 hostes
530 812 598 875 eius
627 832 747 897 ⁸nocero
783 812 813 875 ei
842 834 909 877 non
945 818 1079 897 possint.

137 902 264 964 Diserte
293 906 402 963 autem
432 899 524 978 dicit,
556 902 749 982 percutiam,
789 922 830 965 no
858 904 1080 970 existimemus

33 1044 40 1056 .
138 996 322 1055 nostrarum
343 989 462 1053 virium
482 1009 551 1052 esse
573 990 659 1052 hanc
682 988 911 1068 defensionem,
937 992 993 1056 sed
1009 1015 1079 1058 con-

136 1080 262 1159 tingere
285 1078 326 1140 de
350 1078 450 1154 coelo,
479 1098 537 1159 per
558 1079 811 1142 misericordiam
834 1079 901 1156 dei,
930 1101 995 1161 qua
1018 1103 1079 1147 crc-

136 1166 252 1231 dentes
274 1167 311 1228 in
332 1166 437 1231 filium
460 1168 692 1248 complectitur.
1095 1243 1097 1252 y

228 1256 364 1319 Manent
388 1256 487 1335 igitur
513 1256 636 1319 bestiae
667 1257 749 1336 agri,
778 1263 912 1321 manent
939 1259 1082 1324 volatilia

138 1345 230 1422 coeli,
255 1350 389 1407 manent
404 1364 528 1408 vermes
550 1350 662 1420 terrae,
687 1352 719 1410 et
734 1366 800 1408 non
823 1354 960 1428 possunt
978 1349 1078 1426 aliter,

138 1454 240 1514 qnam
262 1439 300 1498 ut
322 1438 471 1509 noceant,
508 1433 566 1496 sed
589 1435 647 1513 qui
676 1435 712 1497 in
734 1454 833 1515 regno
853 1436 971 1501 Christi
993 1445 1078 1515 sunt,

136 1523 189 1586 his
212 1542 327 1585 nocere
350 1542 415 1585 non
438 1528 584 1603 possunt,
608 1524 691 1586 sicut
714 1524 859 1588 Christus
882 1526 976 1589 dicit:
1009 1528 1079 1591 Por-

137 1618 189 1675 tae
213 1612 391 1674 inferorum
413 1629 479 1675 non
501 1614 732 1692 praevalebunt
754 1614 906 1678 adversus
930 1610 1031 1678 eam.²

230 1700 316 1764 Solet
343 1700 479 1763 conferri
507 1721 582 1763 cum
605 1702 666 1763 hoo
695 1701 780 1777 loco,
817 1703 905 1783 quod
928 1705 1001 1767 Esa.
1028 1707 1078 1767 11.

139 1795 202 1866 est,
235 1789 276 1852 de
299 1808 381 1871 agno
408 1795 441 1852 et
465 1789 544 1871 lupo
570 1796 721 1871 pascente
744 1784 870 1853 simul³
919 1792 1002 1855 Item
1027 1793 1078 1855 35.

138 1879 212 1943 Non
243 1878 305 1941 erit
325 1879 389 1941 Leo
416 1877 477 1954 ibi,
509 1885 542 1942 et
566 1881 653 1944 mala
675 1878 778 1942 bestia
807 1900 866 1960 per
894 1900 966 1942 eam
993 1882 1081 1943 viam

138 1986 207 2031 non
231 1967 391 2055 ascendet.
438 1965 501 2030 Sed
527 1969 685 2048 propheta
712 1968 759 2029 ibi
785 1968 928 2048 loquitur
951 1969 991 2032 de
1021 1970 1079 2033 vir·

138 2062 208 2120 tute
224 2056 323 2133 verbi,
347 2055 435 2138 quod
456 2057 542 2119 inter
555 2056 704 2120 inimicos
727 2056 843 2121 efficax
857 2064 914 2135 est,
939 2065 972 2122 et
993 2078 1080 2123 nuno

138 2153 309 2226 tyrannos,
344 2165 431 2208 nunc
457 2145 628 2208 haeriticos
662 2152 694 2209 et
726 2144 878 2210 idolatras
914 2150 1078 2213 convertit.

138 2235 249 2298 Huius
265 2241 372 2297 autem
387 2235 450 2298 loci
473 2236 575 2315 magis
590 2235 720 2316 propria
741 2236 900 2300 sententia
916 2244 972 2314 est,
997 2257 1080 2319 quae

139 2344 182 2385 ex
204 2324 374 2386 collatione
397 2344 471 2386 cum
494 2324 593 2388 veteri
614 2324 735 2406 populo
758 2332 888 2406 sumpta
910 2333 968 2402 est,
992 2327 1080 2406 quod

139 2411 293 2475 dominus
315 2420 388 2476 tum
402 2412 563 2488 Somnum,
588 2420 660 2475 tum
683 2414 752 2477 eius
767 2414 930 2494 mancipia
949 2415 1079 2492 arcebit,

139 2521 182 2563 ne
211 2502 337 2582 possint
367 2502 518 2564 ecclesiae
553 2521 681 2578 nocere,
721 2509 753 2566 et
784 2503 1015 2566 consolationes
1045 2503 1080 2566 in

139 2589 239 2653 verbo
261 2590 441 2672 propositas
464 2590 603 2653 eximere
627 2591 817 2654 exanimis.

179 2833 182 2836 ἦ
234 2770 252 2810 r
273 2749 519 2831 confringam
531 2771 678 2826 arcum,
695 2751 1081 2832 gladiumetbellum

249 2837 297 2901 de
327 2844 451 2916 terra,
479 2840 685 2902 etfaciam
715 2860 779 2902 eos
806 2859 945 2903 secure
969 2841 1080 2904 habi·

187 2933 290 2990 tare.
988 2929 990 2937 '

143 3081 303 3196 ⁴Srmilis
327 3088 486 3151 sententia
508 3061 557 3151 est
571 3088 669 3151 Mich.
687 3084 726 3150 4*
748 3094 781 3151 et
803 3087 876 3151 lisa.
895 3089 925 3150 2.
952 3089 1002 3150 11.
1028 3087 1079 3151 35.

219 3175 365 3256 Exponit
388 3183 496 3240 autem
518 3178 636 3240 Paulus
659 3197 731 3240 eam
755 3177 881 3259 copiose
904 3176 941 3239 in
964 3176 993 3239 5.
1011 3171 1078 3241 oa⁵

140 3263 184 3332 ad
202 3264 365 3328 Romanos
387 3267 446 3329 ubi
467 3266 590 3345 inquit:
614 3266 784 3330 Iustificati
806 3266 869 3329 fide
891 3285 1006 3348 pacem
1027 3267 1081 3328 ha·

233 3437 260 3507 1)
280 3438 393 3494 Foedus
415 3456 481 3494 cum
505 3439 615 3494 bestiis.
653 3441 680 3508 2)
698 3441 801 3495 Matth.
822 3439 864 3493 16.
900 3439 928 3507 3)
953 3439 1018 3493 Esa.
1039 3437 1081 3492 11.

159 3508 185 3563 5.
222 3508 251 3577 4)
271 3510 333 3564 Pax
351 3510 486 3566 ecclesiae
505 3512 618 3578 qualis?
656 3512 683 3580 b)
703 3512 822 3566 Roman.
842 3510 899 3564 6.⁸‘

233 3670 258 3737 ‘)
276 3670 312 3722 In
324 3685 412 3737 marg.
431 3670 493 3723 coll.
506 3671 570 3724 Ien:
590 3670 740 3725 Michaed
778 3670 881 3725 Esaiae
893 3668 917 3724 2.
939 3670 972 3724 11
991 3674 1020 3725 et
1038 3670 1081 3724 35.

167 3742 183 3809 ¹)
201 3740 238 3794 In
256 3740 318 3796 coll.
338 3742 442 3796 Vuitt.:
461 3741 542 3795 Rom.
562 3741 592 3795 5.·
619 3824 621 3828 Ι
