2575 4225
878 286 1128 351 Hoseae
1175 288 1545 369 prophetae.
2029 287 2153 351 403

272 460 437 571 Hic
481 462 751 543 exponit
794 464 954 544 quid
1000 465 1154 529 velit
1197 463 1471 544 intelligi
1515 484 1630 545 per
1687 463 2127 527 confusifflwm
2141 519 2153 527 ,γ

282 585 286 593 -
420 552 639 615 Utitur
684 559 901 615 autem
947 554 1371 617 similitudine
1418 573 1706 636 spumae,
1757 573 1921 633 quae
1961 559 2157 619 fertur

274 660 469 721 super
514 636 774 720 aquaS,¹
830 663 963 704 non
995 642 1203 705 solum
1234 643 1401 719 ide0,
1450 648 1526 705 ut
1554 642 1853 706 ostendat
1885 667 2153 723 rognum

272 729 396 791 hoc
444 748 563 791 ceu
609 749 910 810 spumam
956 731 1442 813 dissipandum,
1490 731 1604 794 sed
1650 737 1725 794 ut
1767 735 2153 811 magniflui?-

274 837 421 879 nem
469 818 601 880 irae
649 825 714 882 et
758 820 1141 883 calamitatis
1186 822 1433 901 pingat.
1527 820 1707 883 Nihil
1753 821 1925 883 enim
1989 823 2149 883 insir-

270 907 443 970 mius
490 912 589 969 est
634 927 883 988 spuma,
931 909 1137 971 fertur
1178 929 1416 988 magno
1461 908 1731 989 impetu,
1780 930 1897 972 nec
1949 923 2157 991 putcst

272 996 588 1076 imperare
634 1016 856 1076 aquae,
907 998 1019 1059 sed
1065 998 1381 1080 abripitur
1424 998 1507 1059 ab
1539 1017 1725 1078 aqua.
1819 998 1921 1061 Ita
1953 1011 2149 1059 usten-

272 1083 370 1146 di't
413 1103 630 1163 regem
678 1085 999 1148 Samariae
1046 1085 1517 1166 abripiendum,
1567 1106 1686 1149 nec
1721 1087 2029 1163 futurum,
2085 1099 2153 1147 ut

271 1174 438 1235 tueri
486 1193 553 1236 se
599 1176 806 1254 possit
851 1180 1073 1238 contra
1117 1177 1252 1239 vim
1281 1176 1589 1252 hostium,
1639 1194 1872 1255 magno
1905 1179 2153 1255 impetu

270 1262 341 1323 in
386 1282 584 1341 regno
629 1263 825 1326 Israel
870 1266 1319 1345 grassantium.

354 1438 1153 1547 Exterminabuntur
1198 1444 1528 1506 excelsa
1570 1445 1817 1520 Aven,
1872 1467 2149 1527 pccca-

482 1536 653 1592 tum
698 1531 991 1607 Israel,
1054 1532 1290 1612 spina
1337 1538 1418 1594 et
1463 1538 1728 1596 sentes
1789 1535 2149 1614 prm-cub

359 1625 493 1682 ent
536 1618 678 1681 ubi
724 1640 942 1682 nunc
974 1627 1165 1684 sunt
1194 1620 1503 1684 altaria
1532 1641 1832 1698 eorum,
1885 1631 1957 1683 et
1993 1623 2149 1703 ipsi

359 1707 633 1771 dicent
676 1709 1118 1772 montibus:
1192 1710 1524 1790 Operite
1570 1730 1741 1786 nOS,
1803 1716 1872 1773 et
1929 1715 2149 1771 crilli-

356 1797 543 1859 bus:
595 1797 873 1862 Cadite
921 1818 1159 1879 super
1203 1817 1368 1863 nos.

277 1967 553 2083 ²Svpra
611 1974 838 2037 Bethel
894 1976 1146 2041 vocavit
1203 1976 1369 2038 Beth
1429 1977 1613 2047 Aven
1632 2024 1646 2052 ,
1715 1974 1824 2036 hic
1893 1983 2141 2036 tr'mtum

423 2066 607 2127 Aven
652 2071 855 2141 vocat,
904 2065 1079 2146 quod
1125 2065 1540 2146 iniquitatem
1585 2064 1929 2145 significat,
1985 2067 2145 2128 sicut

268 2159 605 2234 peccatum
672 2154 869 2216 Israel
934 2161 1121 2219 vocat
1149 2230 1151 2233 ¹
1182 2156 1285 2218 vel
1361 2155 1595 2218 vitulos
1615 2204 1630 2231 ,
1709 2154 1811 2219 vel
1885 2160 1965 2216 te]
1981 2156 2145 2233 mpla,

268 2243 500 2305 Omnia
554 2243 976 2307 vastabuntur
1030 2244 1110 2307 ab
1170 2245 1358 2307 hoste
1375 2293 1390 2320 ,
1451 2250 1516 2307 et
1567 2243 1872 2307 iacebunt
1929 2256 2149 2324 pastun.

268 2331 537 2400 deserta.
629 2332 911 2413 Populus
987 2339 1206 2396 autem
1273 2339 1413 2396 tam
1478 2332 1893 2397 horribilibus
1965 2336 2145 2392 malis

268 2419 759 2498 conflictabitur,
808 2428 884 2485 ut
928 2422 1105 2501 quod
1134 2441 1312 2484 nunc
1343 2422 1819 2497 abominantur,
1865 2424 2145 2500 optaturi

269 2511 425 2586 sint,
476 2509 732 2572 ruinam
780 2511 1021 2574 scilicet
1064 2511 1323 2574 aedium
1344 2561 1358 2588 ,
1415 2517 1489 2574 ut
1535 2510 1755 2573 statim
1802 2528 1949 2572 cum
1997 2512 2141 2568 liho-

267 2598 386 2675 ris,
451 2599 863 2678 coniugibus,
928 2599 1203 2677 familia,
1262 2607 1328 2664 et
1388 2601 1692 2664 omnibus
1756 2599 1889 2662 suis
1945 2600 2145 2660 {extin-

269 2693 567 2767 guantur.
661 2688 786 2750 Sed
840 2689 1077 2752 frustra
1129 2690 1252 2752 hoc
1313 2690 1659 2772 optabunt,
1724 2688 2149 2752 servabuntur

269 2777 446 2838 enim
493 2776 855 2840 durioribus
902 2779 1109 2840 malis.
1202 2779 1332 2840 Hic
1377 2779 1504 2841 fuit
1546 2779 1698 2841 finis
1741 2780 1921 2857 regni
1957 2780 2149 2836 laval-21

270 2871 334 2928 et
378 2864 712 2927 idolatriae
759 2886 833 2929 ac
879 2868 1234 2948 contempti
1278 2868 1457 2930 verbi
1503 2866 1628 2928 dei.
1801 2874 1806 2879 ’

458 2947 783 3018 ‘⁹’Christus
829 2956 989 3018 haec
1034 2957 1385 3036 prophetae
1430 2955 1626 3016 verba
1664 2964 1945 3034 usurpat,
2001 2976 2149 3012 cui-11

223 3054 234 3065 “
266 3042 653 3107 vaticinatur
703 3044 790 3109 de
848 3045 1205 3108 vastatione
1249 3043 1600 3106 Ierusalem
1659 3062 1773 3124 per
1826 3044 2149 3104 &frunt-„na

268 3130 506 3208 futura,
556 3132 738 3194 cuius
785 3133 1051 3195 eaedem
1092 3153 1319 3195 causae
1351 3133 1632 3208 fuerunt,
1683 3151 1847 3211 quae
1877 3152 2145 3208 regnum

267 3220 465 3283 Israel
510 3219 947 3300 perdiderunt.
1040 3223 1136 3284 Ac
1181 3226 1426 3301 quanto
1474 3226 1610 3283 erat
1655 3220 2001 3301 optabilius¹
2053 3240 2145 3280 su-

267 3308 403 3372 bito
452 3309 765 3388 extingui,
816 3331 1013 3390 quam
1060 3331 1197 3374 esse
1244 3315 1671 3391 spectatorem
1715 3315 1853 3371 tam
1881 3308 2145 3368 bru-ribi*

291 3397 429 3460 ium
476 3399 963 3462 calamitatum?
1010 3400 1384 3463 Excitemus
1429 3399 1627 3478 igitur
1672 3418 1790 3461 nos
1838 3397 1917 3460 ad
1969 3400 2145 3456 tium·

288 3505 401 3548 fem
467 3487 603 3564 dei,
667 3488 993 3568 fugiamus
1048 3488 1446 3563 idolatriam,
1513 3507 1816 3550 ornemus
1881 3488 2145 3548 verbum

288 3576 505 3640 3anctis
551 3577 859 3654 moribus,
910 3583 975 3640 et
1018 3584 1093 3640 ut
1124 3571 1452 3640 Christus4
1511 3577 1745 3655 inquit,
1794 3575 1981 3638 etiam
2021 3596 2145 3636 uro*

448 3770 502 3839 1)
543 3771 758 3837 Spuma
793 3784 991 3837 aquae.
1054 3768 1110 3839 2)
1149 3769 1327 3826 Aven.
1383 3767 1439 3836 3)
1475 3767 1610 3822 Luc.
1646 3766 1732 3821 23.
1807 3766 1864 3836 4)
1901 3768 2030 3820 Luc.
2061 3768 2145 3816 Ἦ,

1717 3855 1828 3910 26·
