2575 4225
438 279 563 342 Hoseae
586 279 771 361 prophetae.
1009 278 1074 344 209

137 462 205 521 'rata
228 476 249 518 a
270 474 368 537 regno
386 438 532 533 Satanae,
556 456 644 536 quod
668 458 728 519 erit
749 474 886 537 regnum
908 457 1020 521 mortis
1044 464 1077 522 et

136 542 270 628 peceati,
294 544 447 608 ascendet
467 565 509 608 ex
530 547 592 607 hae
614 545 800 609 calamitosa
822 544 889 609 vita
911 544 953 607 ad
968 547 1075 609 melio·

17 687 18 713 ,
138 655 205 697 rem
228 641 262 697 et
284 639 456 696 aeternam.
502 634 550 697 De
572 635 634 697 heo
653 635 812 698 sententia
827 634 964 715 diligens
979 637 1077 700 leotor

17 714 18 758 ³
138 744 203 787 non
230 722 346 805 opinor
372 722 547 799 dubitabit,
582 722 663 802 quid
690 722 778 785 enim
808 722 897 786 aliud
927 725 1077 788 eeclesiae

17 852 18 861 .
138 811 378 894 expectandum
405 817 468 887 est,
500 817 673 892 postquam
699 813 762 876 hoo
789 818 886 893 caput
914 812 1078 878 Christum
1138 804 1144 817 ’

140 907 188 964 est
210 887 341 982 adepta,
374 920 474 981 quam
495 907 534 964 ut
554 900 806 982 promissionum
828 901 885 964 fiat
907 903 1076 985 particeps,

17 1000 18 1003 ’
138 1009 220 1071 quas
243 989 336 1051 audit
357 987 393 1051 in
416 982 579 1069 evangelio
602 996 635 1052 et
657 990 781 1053 eredit?

229 1076 292 1141 Sed
316 1077 356 1140 de
384 1078 495 1160 phrasi
522 1077 656 1141 fortasse
683 1085 815 1159 quaeret
842 1080 981 1159 aliquIs?
1014 1081 1079 1143 Ha-

138 1170 256 1231 bemus
279 1167 377 1246 igitur
398 1166 453 1229 hio
475 1167 683 1247 interpretem
707 1168 855 1245 Esaiam,
883 1170 941 1248 qui
963 1169 1080 1232 iisdem

17 1279 18 1326 l
140 1255 247 1321 verbis
269 1257 372 1319 utitur
394 1276 440 1317 oa.
468 1258 518 1318 11.
543 1261 576 1318 et
590 1256 774 1319 contionem
793 1256 967 1320 de-Ohristi
982 1278 1080 1341 regno

17 1350 18 1414 ἶ
139 1345 188 1408 sio
211 1339 365 1408 clauditz¹
398 1344 531 1425 Eritque
554 1345 670 1407 semita
691 1345 835 1425 reliquiis
858 1346 971 1427 populi
998 1346 1078 1424 eius,

139 1451 225 1515 quae
248 1434 446 1513 reliquentur
473 1434 514 1496 ab
537 1434 653 1510 Assur,
685 1435 814 1514 qualem
841 1435 957 1499 habuit
983 1436 1081 1499 Israel

17 1524 34 1616 l*
139 1524 177 1585 in
199 1522 263 1599 die,
288 1542 352 1602 quo
375 1522 520 1585 aseendit
541 1522 583 1585 de
604 1530 689 1586 terra
710 1525 859 1605 Aegypti.

17 1627 19 1652 l
231 1612 396 1674 Usitatum
419 1616 529 1674 autem
551 1618 600 1675 est
621 1613 805 1693 prophetas,
829 1633 904 1676 oum
927 1614 968 1675 de
984 1634 1082 1693 regno

139 1700 263 1763 Christi
273 1702 460 1780 loquuntur,
477 1720 661 1781 comparare
676 1700 712 1763 id
728 1720 803 1764 oum
817 1702 873 1763 illa
884 1721 926 1764 ex
934 1704 1082 1783 Aegypto

17 1787 20 1877 ξ
140 1786 341 1852 liberatione.
388 1788 477 1852 Siout
499 1789 669 1868 aliquoties
691 1789 727 1850 in
743 1789 852 1851 Mioha
871 1790 1081 1866 ostendimus,

17 1878 18 1888 ³
140 1879 189 1940 ibi
212 1878 303 1940 enim
325 1884 399 1958 post
421 1877 536 1940 duram
558 1884 592 1940 et
606 1877 794 1941 diuturnam
812 1879 999 1942 servitutem
1013 1877 1082 1940 fini-

17 1972 19 2043 l
141 1976 220 2044 tam,
245 1987 284 2029 ae
305 1967 504 2029 Pharaonem
527 1966 683 2030 divinitus
706 1982 910 2047 oppressum,
934 1967 1017 2029 nihil
1039 1986 1082 2029 re·

17 2053 20 2138 i
140 2056 263 2132 stabat,
295 2055 359 2119 nisi
385 2060 423 2119 ut
448 2055 695 2138 promissionem
722 2060 824 2118 terras
853 2054 983 2118 Oanaan
1012 2075 1083 2120 oon*

139 2151 362 2225 sequerentur.
416 2145 506 2208 Siout
538 2145 637 2226 igitur
671 2144 712 2206 ad
749 2146 834 2208 hano
872 2145 1085 2208 ascenderunt

143 2235 319 2310 Israelitee,
344 2240 376 2296 et
397 2234 564 2315 prostratis
585 2234 735 2296 hostibus
751 2254 823 2296 eam
838 2240 1083 2317 occupaverunt,

140 2324 199 2399 ita,
222 2323 332 2403 inquit
352 2324 519 2404 propheta,
543 2323 591 2386 sio
612 2323 676 2400 fiet,
700 2330 775 2404 post
797 2324 884 2387 varia
898 2325 1083 2399 certamina,

141 2431 230 2492 quae
260 2411 394 2474 ecelesia
419 2412 455 2474 in
482 2413 544 2474 hac
573 2413 641 2476 vita
675 2412 825 2488 sustinet,
861 2412 1012 2475 ascendet
1045 2411 1086 2475 de
1116 2466 1119 2473 .

141 2508 231 2564 terra
253 2500 415 2565 servitutis
444 2500 486 2563 ad
512 2501 705 2582 promissam
731 2500 884 2581 patriam,
916 2501 996 2564 ratio
1026 2507 1084 2576 est,

17 2604 21 2644 ’ν
140 2590 225 2670 quia
246 2609 386 2670 magnus
409 2595 458 2652 est
480 2589 549 2652 dies
571 2590 696 2652 Iezreel.

17 2701 21 2712 ¹
236 2679 347 2741 Utitur
373 2683 483 2740 autem
511 2680 670 2761 propheta
696 2678 758 2742 hoe
788 2679 823 2743 in
852 2680 921 2742 loeo
956 2679 1087 2742 nomine

17 2782 19 2831 l
143 2766 379 2830 Iezreelaliter
401 2787 501 2848 quam
523 2786 621 2849 supra
642 2768 678 2829 in
703 2769 731 2830 1.
757 2785 826 2850 oap.
851 2769 908 2832 ubi
924 2768 996 2831 ideo
1012 2787 1087 2831 eum

17 2912 18 2942 ἦ
142 2857 264 2918 Iezreel
286 2851 440 2933 vocavit?
469 2856 556 2937 quod
577 2856 729 2920 dominus
745 2859 899 2938 perirem
915 2864 1089 2920 esseteum

17 2943 19 3025 l
144 2945 417 3008 disseminatmus
439 2946 475 3007 in
493 2951 613 3026 gentes.
653 2946 717 3007 Hie
732 2952 840 3008 autem
855 2952 948 3009 vocat
961 2946 1086 3021 Iezreel,

141 3033 237 3114 quod
260 3033 412 3097 dominus
434 3055 492 3117 per
514 3034 716 3114 evangelium
739 3053 792 3096 eos
816 3035 1019 3115 plantaturus
1035 3033 1087 3110 sit,

17 3120 18 3201 i
143 3130 185 3186 ut
207 3123 276 3186 sint
298 3141 408 3186 semen
431 3129 593 3199 sanetum,
618 3122 702 3185 siout
723 3120 822 3184 Paulo
844 3142 942 3203 supra
964 3122 1090 3188 vocavit

142 3231 203 3274 eos
225 3212 310 3274 filios
333 3211 386 3274 dei
408 3213 556 3277 viventis.
603 3211 680 3273 Fuit
700 3211 800 3290 igitur
812 3211 911 3274 israel
933 3212 1025 3276 initio
1044 3231 1088 3276 se·

17 3314 35 3360 ¹.
142 3318 226 3363 men
248 3301 332 3376 irae,
362 3301 440 3381 quia
461 3301 612 3364 dominus
634 3299 775 3381 peccatis
797 3319 909 3363 eorum
938 3302 1087 3377 offensus,

165 3389 268 3480 biecit
290 3409 354 3453 eos.
400 3389 464 3452 Hie
487 3397 597 3454 autem
624 3390 660 3450 in
689 3409 772 3454 novo
801 3395 994 3453 testamento
1024 3409 1090 3453 non

168 3479 257 3542 olum
280 3479 395 3554 Israel,
424 3478 480 3541 sed
503 3485 572 3543 tota
595 3477 727 3540 ecelesia
749 3484 798 3542 est
821 3497 930 3542 semen
959 3479 1089 3558 gratiae,

170 3567 316 3631 lentatur
338 3567 426 3629 enim
457 3568 590 3631 ecelesia
615 3587 673 3647 per
702 3567 836 3630 verbum
865 3567 1023 3647 evangelii
1049 3568 1090 3632 ab

241 3761 268 3827 1)
288 3761 348 3814 Esa
367 3760 409 3813 11.
446 3759 474 3829 2)
492 3759 606 3813 Iezreel.

194 3859 283 3901 nunes
297 3869 347 3909 opp.
361 3862 444 3908 exores
471 3859 520 3900 vor.
533 3856 610 3898 xxiv.
897 3847 933 3900 14
