2575 4225
210 261 275 324 218
527 258 632 340 Caput
655 258 834 321 secundum

13 446 29 505 i
120 447 123 451 “
208 444 286 501 nata
308 457 343 500 es
364 436 400 499 in
422 435 475 498 die
498 443 586 500 ortus
609 437 675 513 tui,
699 456 766 499 non
788 441 837 498 est
859 435 1021 516 praecisus
1044 434 1147 497 umbi·

207 528 289 589 licus
313 532 397 602 tuus,
422 545 482 587 nec
505 545 538 588 es
561 526 628 589 lota
651 544 736 605 aqua
758 523 799 586 ad
823 526 975 601 salutem,
999 543 1060 587 nec
1083 524 1148 586 sale

208 616 311 692 salita,
335 634 395 677 nec
417 615 563 677 involuta
584 614 702 696 pannis
725 618 784 675 etc.

220 729 222 731 ’
297 703 381 766 Nam
409 703 497 765 hunc
525 703 684 785 populum
711 722 752 764 ex
779 702 920 765 solitario
942 702 1074 764 Abraha
1102 722 1147 765 or-

207 799 296 869 tum,
333 792 390 872 qui
419 812 460 854 ex
486 793 665 872 gentilitate
694 797 727 854 et
752 790 901 853 idolatria
927 797 1058 854 vocatus
1090 796 1147 867 est,

207 881 371 961 quomodo
401 882 561 944 ornaverit
588 880 740 944 dominus
773 899 871 959 regno
905 885 938 942 et
972 879 1149 943 sacerdotio

205 990 265 1033 seu
295 970 384 1033 cultu
414 975 529 1032 notum
563 974 620 1032 est.
666 969 756 1031 Haec
790 975 994 1046 ornamenta,
1030 969 1147 1048 inquit,

205 1064 338 1141 propter
359 1059 542 1122 idolatriam
569 1064 661 1121 tuam
690 1057 829 1120 amittes.
863 1057 1032 1137 'Redigam
1061 1058 1150 1119 enim

205 1154 239 1210 te
261 1149 297 1210 in
320 1148 481 1224 ordinem,
514 1154 546 1210 et
569 1147 735 1223 abiiciam,
767 1152 805 1208 ut
827 1144 886 1222 sis,
911 1146 994 1209 sicut
1016 1145 1072 1207 alii
1095 1166 1148 1228 po·

206 1237 286 1319 puli,
311 1237 368 1316 qui
391 1257 458 1299 non
481 1236 588 1313 deum,
613 1256 680 1299 non
702 1236 827 1298 cultum
850 1234 903 1296 dei
925 1235 1056 1297 habent.
1101 1260 1104 1267 ·

296 1324 458 1402 Secundo,
497 1346 617 1406 ponam
650 1330 682 1387 te
717 1324 762 1387 sic
797 1323 955 1386 nudatam
996 1323 1150 1386 omnibus

208 1414 405 1476 ornamentis
432 1414 468 1475 in
497 1413 721 1490 solitudinem,
752 1418 790 1475 ut
818 1413 861 1475 sis
885 1412 969 1475 sicut
991 1419 1076 1475 terra
1099 1412 1150 1475 de-

208 1501 319 1578 solata,
344 1522 426 1581 quae
449 1502 589 1565 habitari
611 1502 733 1581 nequit.
779 1502 844 1564 Hic
867 1501 1027 1581 significat
1049 1520 1150 1583 popu·

207 1590 278 1652 lum
300 1591 388 1653 hunc
416 1596 589 1672 postquam
618 1591 742 1653 cultum
772 1596 804 1653 et
830 1610 966 1670 regnum
996 1591 1149 1668 amiserit,

208 1678 328 1742 frustra
350 1686 462 1761 postea
483 1685 692 1756 tentatumm,
716 1685 754 1742 ut
776 1685 919 1759 emergat
934 1679 1062 1742 iterum.
1106 1679 1150 1742 Si·

209 1774 265 1831 cut
291 1769 408 1831 Daniel
438 1788 566 1849 quoque
595 1768 677 1831 dicit
707 1768 812 1849 capite
841 1764 891 1831 9.¹
919 1768 1084 1832 civitatem
1118 1776 1153 1832 et

208 1858 428 1920 sanctuarium
443 1858 584 1922 vastabit
597 1857 737 1940 populus
754 1876 829 1919 cum
848 1856 930 1919 duce
946 1864 1093 1933 venturo,
1119 1865 1152 1921 et

208 1946 283 2008 finis
307 1947 376 2010 eius
399 1947 468 2024 erit,
493 1946 586 2026 quasi
608 1945 787 2022 inundatio,
812 1952 845 2009 et
866 1950 940 2028 post
958 1947 1063 2008 finem
1073 1946 1151 2009 balli

209 2034 342 2098 definita
365 2036 528 2113 desolatio,
552 2036 613 2097 hoc
636 2040 698 2112 est,
724 2034 807 2097 siout
829 2055 848 2097 a
870 2036 1024 2097 Romanis
1048 2055 1150 2118 popu·

208 2125 259 2185 lus
281 2125 336 2186 hic
359 2125 571 2212 opprimetur,
601 2124 648 2186 ita
670 2124 815 2191 manebit
837 2130 870 2187 et
899 2130 1059 2188 statutum
1091 2132 1149 2201 est,

209 2231 250 2272 ne
273 2231 419 2292 unquam
441 2213 576 2294 posthac
598 2219 749 2292 emergat.
796 2214 909 2292 Itaque
932 2214 1018 2276 varie
1048 2221 1149 2277 tenta-

209 2305 320 2363 tarunt
341 2302 518 2378 fortunam,
543 2301 600 2364 sed
622 2302 754 2378 frustra,
779 2303 877 2382 positi
899 2303 986 2364 enim
1010 2309 1088 2366 sunt
1111 2303 1150 2365 si·

207 2396 264 2452 cut
290 2392 352 2453 hoc
381 2391 451 2453 loco
478 2391 529 2453 bis
557 2390 713 2467 minatur,
742 2395 781 2453 ut
808 2397 961 2454 maneant
990 2397 1151 2471 tanquam

209 2479 371 2544 desolatus
395 2486 428 2542 et
449 2479 671 2542 inhabitabilis
693 2480 791 2542 locus.

299 2568 443 2629 Tertium
466 2574 529 2644 est,
559 2568 646 2647 quod
670 2568 767 2630 etiam
791 2567 844 2631 siti
871 2568 960 2630 hunc
989 2570 1150 2650 populum

208 2655 330 2738 perdet.
375 2656 448 2718 Hoc
481 2657 609 2737 proprie
642 2658 782 2737 pertinet
815 2656 857 2720 ad
891 2659 1149 2721 excaecationem

209 2743 420 2824 spiritualem,
445 2745 532 2823 quod
555 2745 637 2808 siout
653 2745 757 2808 David
774 2739 882 2822 dioit‚²
909 2765 1022 2809 mensa
1037 2765 1150 2810 eorum

210 2833 255 2894 eis
279 2837 328 2895 est
357 2833 393 2895 in
421 2833 583 2912 laqueum.
631 2835 735 2897 Grave
765 2842 814 2898 est
839 2835 885 2898 sic
914 2834 1033 2898 vastari
1061 2837 1149 2898 hunc

209 2922 382 3002 populum,
413 2929 451 2985 ut
473 2923 562 2985 nulla
583 2923 706 2985 ratione
729 2926 832 3004 possit
859 2924 1038 2987 restaurari.
1087 2923 1149 2988 Sed

208 3010 303 3090 longe
327 3011 454 3090 gravim
477 3012 583 3074 estin
604 3017 654 3074 tot
680 3013 917 3075 calamitatibus
947 3012 1046 3075 etiam
1076 3033 1168 3076 cona
1277 2989 1279 3058 3

210 3099 363 3162 solatione
385 3100 477 3162 omni
498 3119 619 3177 carere,
654 3101 736 3162 sicut
757 3101 885 3163 Iudaeis
913 3101 1039 3165 accidit.
1079 3101 1148 3165 Stu-

209 3186 299 3249 diose
322 3189 410 3249 enim
431 3189 494 3250 hoc
516 3196 625 3268 agunt,
650 3209 691 3251 ne
706 3190 889 3270 intelligant
903 3190 1090 3271 prophetias
1109 3190 1147 3252 de

209 3275 351 3352 Christo,
387 3296 424 3338 ac
457 3277 493 3338 in
526 3277 561 3340 id
593 3279 801 3355 incumbunt,
838 3279 1001 3357 quomodo
1038 3299 1147 3342 veram

209 3364 385 3445 scripturae
408 3366 601 3428 sententiam
624 3366 880 3430 cavillationibus
903 3367 1028 3448 possint
1056 3369 1146 3430 obru-

209 3471 271 3514 ere.
315 3454 406 3517 Haec
429 3459 478 3516 est
498 3455 556 3516 illa
578 3455 661 3532 sitis,
693 3476 792 3535 quam
814 3457 915 3518 Amos
938 3449 1036 3518 fami³
1064 3476 1142 3519 com·

209 3547 315 3620 parat,
345 3562 412 3605 non
440 3543 549 3623 panis,
579 3544 636 3605 sed
666 3545 768 3621 verbi,
801 3545 884 3607 sicut
913 3550 1056 3622 econtra,
1089 3545 1147 3625 qui

190 3766 193 3779 .
300 3732 328 3800 1)
346 3733 418 3786 Dan.
438 3733 462 3786 9.
480 3733 528 3801 ,2)
546 3735 621 3788 Psal.
640 3736 683 3789 69.
719 3737 748 3805 3)
767 3738 869 3793 Fames
888 3735 976 3792 verbi.
