2575 4225
439 297 565 362 Hoseae
587 299 771 381 prophetae.
1009 298 1073 364 389
1201 336 1202 339 =
1244 378 1278 411 ,

134 475 188 538 dei
211 493 280 538 esse
303 474 524 555 fortissimam,
553 483 586 541 et
606 496 664 540 vos
687 475 776 539 omni
799 480 942 558 tempore
964 476 1073 540 timea-

134 565 177 628 tis
200 563 298 629 deum
321 570 472 628 vestrum.
518 567 625 645 Atque
648 564 724 627 inde
748 564 846 627 etiam
861 565 931 629 loeo
955 584 1075 629 nomen
1166 578 1172 589 ¹

133 654 244 735 posuit
265 654 335 734 ipse
358 652 523 731 dominus,
548 660 581 716 et
601 653 727 718 vocavit
749 648 883 733 Gilgal,¹
918 653 1005 734 quod
1027 654 1075 717 ibi

135 742 297 823 apopulo
320 760 378 805 suo
401 742 566 819 amoverit,
590 761 647 805 seu
669 748 707 805 ut
728 742 863 807 verbum
886 749 993 819 sonat,
1023 742 1074 805 de-

134 830 267 896 volverit
288 831 497 913 opprobrium
518 831 667 912 Aegypti,
699 831 760 893 hoo
783 838 840 908 est,
865 832 953 912 quod
975 850 1074 913 popu·
1134 838 1136 843 ’
1246 814 1259 893 ‘.

132 920 203 982 lum
224 919 485 983 incircumcisum
507 925 541 983 et
561 920 634 983 ideo
657 920 824 1001 Aegyptiis
847 926 880 983 et
908 920 978 983 aliis
1001 940 1074 1000 gen·

133 1008 222 1072 tibus
245 1008 385 1072 similem
415 1010 461 1073 ibi
484 1008 671 1072 eircumcidi
700 1009 845 1085 iusserit,
870 1015 903 1073 et
921 1009 1076 1091 receperit

134 1098 170 1160 in
192 1097 307 1161 foedus
329 1117 436 1161 suum.

228 1180 353 1266 ’Atque
381 1188 442 1250 hoo
464 1187 546 1251 illud
568 1194 631 1263 est,
664 1186 705 1249 ad
729 1186 816 1267 quod
838 1187 996 1269 propheta
1022 1186 1075 1249 hio

134 1276 263 1358 proprie
278 1276 417 1357 respicit,
435 1296 509 1339 oum
524 1276 617 1339 dicit:
642 1274 764 1339 Omne
779 1276 928 1338 malum
943 1294 1076 1337 eorum

136 1365 263 1428 estin
286 1364 430 1445 Gilgal,
459 1365 552 1429 ideo
574 1365 636 1428 ibi
658 1364 724 1427 odi
746 1384 825 1427 eos.
870 1364 971 1439 Quasi
993 1363 1074 1427 dioe-

136 1458 198 1517 ret:
233 1454 309 1515 Heu
332 1460 491 1534 quantum
513 1459 657 1517 mutatus
680 1454 721 1516 ab
743 1453 798 1515 illo
820 1454 910 1516 loeus
932 1458 990 1529 est,
1018 1452 1076 1532 qui
1177 1492 1179 1495 -
1246 1440 1278 1559 ir

135 1562 256 1606 nomen
277 1541 376 1606 habet
405 1544 446 1606 ab
470 1527 576 1606 amoto
599 1548 632 1606 et
654 1542 803 1606 devoluto
825 1548 971 1623 peceato,
1001 1561 1076 1603 oum

135 1633 204 1695 iam
224 1631 272 1694 ibi
293 1632 433 1713 populus
461 1633 604 1695 cumulet
624 1637 757 1713 peooata
781 1631 955 1693 idolatriois
986 1630 1075 1693 oulti-

135 1722 206 1783 bus.
265 1718 355 1784 Siout
387 1722 486 1801 igitur
513 1722 671 1803 populum
698 1740 756 1801 per
788 1719 959 1782 Iordanem
992 1718 1076 1801 istuc

135 1905 276 2051 naturIta
304 1985 457 2052 doeemur
479 1993 612 2065 eventu,
641 2006 754 2051 verum
776 2005 859 2061 esse,
891 1983 979 2065 quod
1001 1984 1075 2047 Ger·

134 2076 226 2138 mani
248 2076 415 2158 proverbio
435 2076 573 2140 dicimus
582 2127 602 2157 ,⁸
613 2076 780 2140 diabolum
801 2074 848 2139 ibi
871 2074 969 2138 solere
992 2092 1075 2137 oom-

134 2165 271 2246 potandi
292 2165 401 2228 looum
423 2172 578 2242 extruere,
602 2166 661 2229 ubi
683 2165 762 2228 deus
786 2164 945 2246 templum
965 2162 1074 2226 habet.

13 2288 14 2329 1
135 2255 220 2317 Looa
243 2254 346 2332 enim,
379 2274 461 2334 quae
484 2261 615 2336 propter
636 2255 824 2334 religionem
851 2259 883 2316 et
905 2253 1077 2333 magnifica

13 2362 14 2399 1
135 2343 190 2406 dei
211 2362 309 2424 opera
331 2343 536 2406 celeberrima
559 2344 709 2420 fuerunt,
741 2362 867 2423 semper
890 2339 1077 2422 turpissima

13 2440 14 2445 ’
135 2432 286 2494 idolatria
322 2431 507 2497 defoedavit
539 2432 651 2509 Satan,
699 2431 801 2494 donee
835 2430 933 2494 etiam
966 2429 1076 2510 ipsum

13 2556 14 2559 =
135 2521 305 2602 templum,
329 2521 364 2582 in
380 2541 444 2601 quo
466 2520 569 2586 voluit
582 2520 713 2584 retineri
727 2521 851 2582 oultum
874 2537 970 2580 suum
985 2517 1074 2593 deus,

136 2609 235 2673 Satan
258 2611 468 2673 eommutavit
489 2610 525 2672 in
547 2609 736 2692 spelunoam
757 2609 928 2682 latronum,
952 2610 985 2668 et
1007 2625 1076 2668 san·

136 2704 223 2761 etam
246 2702 364 2760 terram
379 2698 589 2780 impiissimae
605 2700 710 2778 gentis
726 2696 835 2760 sedem
850 2695 936 2760 feeit.
983 2695 1076 2758 Grae·

13 2790 16 2815 ¹
137 2787 186 2849 oia
212 2787 329 2850 habuit
358 2786 507 2851 ecelesias
533 2789 655 2869 optime
682 2787 863 2862 institutas,
891 2791 925 2847 et
946 2784 1078 2848 fuerunt

136 2875 183 2938 ibi
205 2875 353 2939 doctrina
382 2881 415 2939 et
436 2877 556 2958 pietate
586 2876 777 2939 excellentes
806 2874 965 2956 episcopi,
990 2892 1077 2936 nune

13 2962 15 3009 ἕ
136 2965 296 3027 immanes
312 2964 433 3027 'luteae
455 2965 566 3028 omnia
587 2965 759 3029 involvunt
772 2963 808 3024 in
823 2961 952 3024 foedam
967 2961 1076 3024 Maho-

135 3054 215 3116 meti
245 3053 456 3134 impietatem.
504 3053 556 3117 Sio
576 3053 698 3116 Romae
725 3050 1000 3116 sanctissimorum
1022 3048 1076 3112 ho·

135 3141 265 3203 minum
286 3141 432 3203 maxima
453 3142 518 3205 fuit
532 3143 633 3224 eopia,
658 3142 715 3222 qui
737 3158 849 3203 omnes
864 3139 931 3203 vita
953 3143 987 3201 et
1008 3157 1076 3200 san·

136 3231 235 3310 guine
270 3249 328 3293 suo
369 3250 462 3294 verae
496 3231 659 3311 religionis
693 3229 838 3293 studium
870 3231 902 3290 et
935 3245 1077 3289 amorem

135 3320 362 3383 probaverunt.
429 3320 524 3383 Nune
560 3321 632 3383 istie
665 3324 779 3400 regnat
810 3319 910 3381 homo
943 3314 1076 3396 peccati,

151 3401 389 3484 intiohristus‚⁸
417 3410 475 3489 qui
497 3409 590 3486 inde,
614 3415 771 3489 tanquam
794 3427 835 3468 ex
857 3424 942 3481 aree,
967 3403 1078 3465 multis

147 3497 252 3560 ¹eoulis
267 3516 376 3560 veram
398 3498 585 3578 religionem
601 3496 810 3578 oppugnavit,
834 3500 866 3557 et
884 3491 1076 3568 idolatriam,

227 3704 255 3774 1)
285 3705 387 3772 Gilgal.
443 3706 471 3775 2)
507 3707 611 3761 Sancta
637 3706 700 3760 looa
727 3721 744 3759 a
771 3704 876 3758 satana
902 3702 1076 3772 polluuntur.

183 3775 209 3830 2.
229 3777 357 3832 Thessal.
376 3777 401 3831 2.

136 1809 320 1873 venientem
342 1809 457 1873 dilexit
482 1810 579 1886 deus,
609 1810 657 1871 ita
681 1809 770 1871 huno
800 1807 868 1871 odit
894 1812 927 1869 et
956 1806 1075 1869 abomi·
1171 1806 1172 1809 ’
