2575 4225
450 294 548 355 Oscae
572 293 756 375 prophetae.
1011 293 1072 357 113

498 499 644 568 elrvr
668 491 707 568 V.

131 625 309 736 Paeanem
336 628 421 690 hanc
443 629 647 710 prophetiam
671 649 737 691 non
753 648 819 691 uno
835 634 978 711 tempore
1001 630 1073 692 scri·
1194 647 1197 658 ·

194 718 270 799 psit,
294 737 400 797 neque
422 737 488 780 uno
504 738 590 780 anno
607 737 679 780 eam
695 717 900 799 praedicavit,
924 718 981 782 sed
1000 725 1074 782 utut

131 813 246 887 raptus
269 812 338 869 erat
360 806 485 886 spiritu,
509 807 557 868 ita
578 806 801 888 prophetabat.
894 825 898 839 ‘
1058 882 1062 890 ,

223 894 362 956 Videtur
383 894 471 974 quod
494 895 606 957 Esaias
629 894 743 957 ecdem
772 902 916 976 tempore
947 895 1071 958 vixerit.

1 966 8 1061 ᾗ
131 983 294 1064 Respectu
332 982 647 1046 circumstantiarum
684 1003 856 1062 regnorum
898 989 929 1045 et
967 1004 1073 1048 rerum

2 1164 4 1169 ι
132 1077 298 1151 gestamm
320 1071 447 1133 facilius
470 1057 694 1151 intelliguntu‘r
716 1072 900 1152 prophetae.

224 1161 297 1222 Hoc
320 1159 423 1240 capite
439 1159 605 1248 descendit
620 1159 663 1222 ad
678 1159 827 1240 speciem,
852 1180 917 1222 non
931 1160 1074 1240 loquitur

1 1206 5 1229 ι

2 1280 3 1285 1
131 1248 171 1310 in
193 1267 317 1328 genere.
365 1249 555 1328 Magnificus
578 1268 683 1311 sermo
707 1253 764 1324 est,
790 1247 867 1327 quia
889 1254 937 1311 est
952 1249 1072 1328 magni·

132 1337 196 1398 fica'
218 1336 407 1400 adhortatio.
455 1338 576 1417 Estque
599 1332 679 1399 h'aec
702 1335 870 1413 sententia,
892 1357 991 1417 quam
1007 1357 1073 1400 non

2 1424 3 1429 ’
130 1425 209 1487 licet
232 1425 377 1505 colligere
401 1445 442 1487 ex
464 1445 554 1488 sacra
576 1426 742 1507 scriptina,
767 1444 872 1505 neque
888 1445 929 1488 ex
944 1426 1072 1489 Chroni-

2 1554 4 1585 ;
131 1514 198 1590 cis,
227 1513 285 1576 sed
314 1520 442 1578 tanturn
471 1534 513 1576 ex
541 1514 604 1576 hoc
626 1515 746 1594 capite:
779 1514 848 1575 Rex
869 1515 1073 1595 Assyriorum

11 1657 17 1666 .
131 1602 329 1664 imminebat
363 1602 430 1664 iam
458 1622 570 1665 eorum
596 1602 787 1678 cervicibus,
816 1602 1073 1684 depopulabatur

2 1756 4 1777 ὲ
131 1708 248 1753 eorum
270 1697 396 1753 terram.
444 1691 688 1772 Congregabant
712 1711 786 1771 ergo
803 1692 974 1753 concilium
988 1692 1071 1772 prin·

132 1779 222 1860 cipes
234 1784 267 1841 et
282 1779 470 1856 sacerdotes,
486 1780 601 1860 inquo
617 1780 798 1843 tractabant
812 1779 1073 1842 reformationem

131 1874 246 1944 terrae,
271 1872 304 1930 et
325 1868 516 1931 sacrificium
539 1889 669 1944 novum,
695 1888 759 1949 quo
783 1868 946 1949 placarent
965 1867 1071 1930 deum.

132 1956 262 2020 Clamat
290 1976 364 2036 ergo
391 1956 561 2039 propheta:
599 1957 666 2019 Vos
698 1956 788 2019 stulti
817 1955 896 2036 quid
927 1955 1073 2036 cogitatis

2 2058 3 2061 ’
132 2065 255 2108 novum
268 2045 400 2123 cultum,
425 2051 458 2107 et
474 2064 596 2109 novum
612 2045 820 2121 sacrificium,
843 2064 918 2106 cum
941 2044 1072 2106 derelin-

2 2135 4 2158 ³
131 2134 242 2215 quatis
265 2154 377 2196 verum
396 2134 449 2197 dei
464 2135 612 2197 cultum?
628 2134 717 2196 nulla
731 2133 863 2209 iustitia,
885 2133 1012 2196 nullum
1028 2134 1072 2196 iu·

2 2283 11 2306 ,¹
132 2224 258 2287 dicium
272 2222 308 2284 in
319 2228 411 2285 terra.
435 2223 669 2304 opprimuntur
684 2222 805 2303 passim
820 2222 941 2304 inopes,
959 2221 1073 2285 divites

131 2312 293 2374 insultant
317 2312 521 2393 pauperibus,
557 2318 589 2374 et
622 2331 678 2375 vos
708 2310 836 2374 creditis
866 2312 945 2373 velle
975 2311 1073 2374 deum

2 2393 9 2485 J
132 2402 262 2481 placare
284 2406 389 2462 vestra
404 2400 604 2463 accumulata
618 2399 793 2487 impietate.
841 2399 931 2461 Nihil
952 2399 1071 2461 minus.

303 2559 464 2631 Quoniam
485 2559 620 2639 laqueus
642 2558 750 2621 fuistis
773 2557 903 2639 Mitzpa.

9 2708 14 2713 -
132 2662 255 2777 Moror
281 2665 370 2727 hunc
392 2665 634 2728 celeberrimum
649 2666 757 2727 locum
773 2663 872 2727 fuisse
888 2670 1073 2746 corruptum

207 2762 278 2818 tam
300 2773 320 2815 a
342 2755 554 2834 septuaginta,
585 2773 685 2833 quarn
712 2774 732 2816 a
759 2754 974 2834 Hieronymo,
1016 2754 1074 2834 qui

134 2842 367 2926 appellativum
396 2862 454 2923 pro
495 2844 624 2924 proprio
663 2841 888 2918 reddiderunt,
930 2842 1074 2905 fortassis

135 2932 259 2995 iudicio
282 2929 334 2992 dei
357 2930 479 2992 facturn
510 2936 566 2993 est.
614 2930 674 2993 Est
702 2929 875 2992 sententia-z
906 2929 1074 2993 Sacrifieiie

135 3040 219 3101 quae
254 3018 375 3082 fecistis
397 3018 434 3079 in
448 3018 570 3099 Mitzpa
583 3023 616 3080 et
631 3018 736 3081 'labor
751 3018 834 3079 nibil
850 3017 938 3079 aliud
953 3017 1073 3080 fecistis

135 3108 201 3171 nisi
223 3113 262 3171 ut
284 3106 411 3187 gravius
434 3105 637 3169 offenderetis
661 3106 768 3183 deum,
797 3123 895 3185 quam
917 3106 1073 3169 hactenus

133 3204 204 3261 erat
226 3198 378 3259 offensus.
435 3195 518 3257 Nam
539 3195 724 3275 ubicunque
739 3195 828 3257 locus
848 3200 915 3257 erat
930 3194 1072 3271 celebris,

5 3341 11 3354 .
133 3286 193 3348 ubi
216 3283 297 3365 quid
326 3284 450 3363 egregie
478 3283 600 3347 factum
629 3289 712 3359 erat,
743 3284 808 3345 huc
842 3284 1074 3346 concurrebant

190 3373 358 3453 erigebant
367 3392 493 3444 ¹novum
509 3367 645 3434 culum.1
695 3366 810 3435 Mitra²
829 3372 965 3451 insignis
985 3370 1078 3438 urbszs

169 3464 193 3525 ri
221 3460 352 3525 Samuel
380 3460 538 3541 propheta
566 3461 663 3522 unxit
685 3460 828 3541 primum
858 3480 981 3539 regem,
1016 3460 1074 3521 ubi

181 3570 244 3614 ires
268 3568 358 3629 reges
381 3553 414 3611 et
435 3549 610 3630 prophetae
633 3549 771 3611 fuerunt.

226 3761 254 3827 1)
273 3760 367 3827 legas:
387 3757 504 3812 cultum.
540 3756 665 3824 Dlegae
683 3756 798 3826 Mitzpa.

182 3858 265 3899 'utheri
280 3868 330 3907 opp.
343 3858 428 3905 exeget.
455 3855 503 3896 Vol.
517 3854 594 3895 mv.
896 3846 914 3899 8
