2575 4225
231 258 296 323 348
551 258 657 339 Caput
679 255 855 337 septimum

231 441 280 499 est
309 435 446 515 figuram
475 429 638 499 Christrrs²
671 433 707 496 in
735 432 948 497 similitudine
975 432 1016 495 de
1047 432 1178 497 semine

230 524 427 607 producente
453 524 667 605 multiplicem
697 524 847 587 fructum.
893 521 958 584 Hic
984 526 1096 585 autem
1125 542 1179 588 ve·

230 632 286 677 rus
309 612 442 675 demum
464 611 587 675 fructus
610 618 667 689 est,
696 618 826 693 propter
848 629 946 690 quem
968 611 1086 674 seritur
1107 632 1178 676 ver·

197 752 201 758 .
229 702 320 777 bum,
344 707 382 764 ut
403 701 551 765 homines
574 701 702 764 discant
724 719 817 764 nosse
833 698 931 761 deum
947 705 979 762 et
997 700 1177 765 salventur.

232 789 326 864 Quod
349 795 458 853 autem
480 789 733 866 sunt'infelicea
757 789 814 870 qui
827 787 1033 864 hic-cessant,
1058 796 1092 853 et
1106 810 1178 853 non

231 878 402 959 diligentes
424 879 461 940 in
482 879 545 941 hac
566 898 671 942 messe
694 884 771 941 sunt
797 877 955 959 operarii?
999 876 1053 940 Ad
1083 878 1178 941 hunc
1211 885 1217 890 '

230 968 366 1031 modum
378 968 467 1048 gravi
478 968 697 1031 cohortatione
705 968 767 1031 hoc
773 972 871 1048 caput
877 966 997 1029 claudit
1003 966 1178 1049 propheta.

621 1133 624 1135 ’
663 1163 736 1226 vn.

314 1310 363 1351 vn
396 1308 578 1351 sanarem
611 1287 757 1363 Israel,
795 1285 1060 1351 revelabatur
1094 1286 1178 1350 ini·

333 1376 467 1457 quitas
490 1376 684 1458 Ephraim
707 1382 745 1440 et
766 1376 895 1439 multa
916 1375 1086 1450 malicia
1109 1374 1177 1439 Sa·

276 1464 438 1527 mariae.
496 1465 597 1540 Quia
634 1470 854 1546 operantur
894 1464 1177 1543 mendacium,

226 1538 235 1560 ⁴
276 1552 370 1615 ideo
393 1552 503 1616 venit
525 1554 606 1631 fur,
631 1559 669 1616 et
689 1554 794 1617 latro
817 1552 914 1616 foris
938 1554 1104 1635 spoliat.

231 1710 396 1825 Sequens
426 1712 536 1777 concio
567 1712 666 1776 etiam
688 1712 803 1794 'legalis
838 1719 895 1777 est.
941 1711 1051 1777 Habet
1085 1712 1177 1777 enim

287 1802 568 1883 reprehensionem
596 1801 781 1880 idolatriae,
817 1808 849 1865 et
878 1800 1021 1865 minatur
1051 1822 1178 1883 poenas

233 1891 352 1954 securis
374 1891 605 1973 peccatoribus.
652 1892 719 1954 Nec
740 1890 776 1952 in
799 1910 832 1953 rc
860 1889 970 1972 aliqua
996 1888 1178 1955 difficultas

233 1986 290 2056 est,
320 1981 530 2062 grammatica
563 1981 728 2060 aliquanto
763 1984 812 2043 est
846 1978 1009 2043 obscurior
1043 1987 1180 2062 propter

232 2070 350 2149 figuras
374 2071 425 2149 (ut
447 2070 547 2134 stulta
568 2070 650 2133 ratio
673 2068 808 2147 indicat)
831 2067 996 2150 aliquanto
1016 2068 1175 2134 duriores.

233 2157 295 2219 Sed
319 2159 347 2220 si
370 2178 423 2221 eas
447 2158 686 2222 consideremus
709 2159 904 2238 diligentius,
929 2159 989 2222 etsi
1003 2157 1123 2222 mstice
1142 2166 1179 2223 et

232 2265 273 2307 ex
295 2244 403 2309 medio
425 2267 488 2309 usu
509 2248 681 2328 hominum
704 2253 781 2310 sunt
796 2253 953 2328 sumptae,
977 2253 1088 2311 tamen
1103 2269 1177 2329 pro·

232 2334 301 2416 prie
324 2334 502 2398 admodum
525 2336 666 2418 pingunt
688 2335 896 2398 idolatrarum
925 2335 1046 2412 studia,
1076 2357 1177 2418 appa-

232 2429 281 2486 ret
303 2430 413 2488 autem
434 2425 497 2487 hoc
519 2445 560 2487 ex
582 2425 668 2502 loco,
693 2424 776 2488 sicut
799 2423 951 2488 omnibus
973 2425 1177 2506 temporibus

233 2513 365 2576 ecclesia
388 2514 528 2577 eundem
550 2514 667 2577 habuit
688 2515 824 2589 hostem,
852 2513 899 2578 ita
922 2533 1049 2594 quoquc
1073 2520 1177 2578 tenta·

232 2601 336 2663 tiones
360 2621 430 2664 esse
456 2603 587 2666 similes.
634 2603 668 2664 Si
695 2604 783 2665 enim
809 2607 1044 2683 contemptores
1073 2603 1177 2681 verbi,

232 2707 314 2766 quos
336 2689 433 2751 hodie
455 2688 630 2765 habemus,
656 2710 730 2752 oum
753 2691 905 2754 Israelitis
929 2691 1083 2768 conferas,
1108 2713 1178 2755 non

230 2794 330 2838 ovum
353 2796 414 2839 ovo
436 2775 523 2840 dices
546 2779 651 2857 magis
674 2797 742 2842 esse
765 2780 879 2842 simile.

322 2860 492 2939 *Queritur
525 2865 691 2944 dominus,
727 2869 815 2948 quod
849 2888 923 2931 cum
958 2869 998 2931 de
1026 2869 1178 2933 sanando

232 2953 349 3019 israele
372 2954 499 3034 cogitet,
522 2954 622 3018 Israel
644 2957 738 3036 quasi
760 2957 853 3020 furiis
876 2958 1015 3037 agitatus
1030 2963 1103 3021 tum
1124 2958 1176 3021 de·
1278 3035 1279 3040 γ

232 3062 325 3105 mum
348 3063 476 3106 summo
500 3044 608 3107 studio
630 3044 767 3126 incipiat
788 3065 901 3126 urgere
923 3046 1117 3124 idolatriam,
1142 3054 1180 3112 et
1277 3069 1279 3134 g

231 3131 380 3194 licentius
409 3152 550 3214 peccare.
597 3134 680 3196 Mira
708 3153 758 3196 res
786 3139 819 3197 et
846 3155 930 3216 pene
963 3135 1176 3214 incredibilis,
1278 3145 1279 3150 ’

233 3218 289 3282 sed
316 3220 441 3283 intuere
470 3221 506 3283 in
534 3227 644 3285 nostra
672 3223 834 3303 exempla,
871 3243 954 3303 quae
988 3224 1030 3287 ob
1066 3225 1180 3288 oculos

230 3308 326 3372 nobis
349 3315 434 3385 sunt,
458 3315 491 3373 et
513 3310 601 3373 dices
622 3311 711 3372 idem
734 3311 841 3374 adhuc
862 3312 959 3376 hodie
981 3312 1062 3375 fieri.

321 3397 476 3462 Patefecit
502 3399 603 3463 ,nobis
638 3399 790 3485 dominus
824 3419 882 3482 per
916 3400 1051 3465 verbum
1081 3422 1150 3466 suu]

237 3576 240 3580 “
323 3573 350 3642 1)
369 3574 437 3628 Luc.
456 3573 482 3628 8.

322 3730 348 3800 ⁸)
367 3733 403 3784 In
420 3749 509 3799 marg.
529 3734 592 3788 coll.
611 3735 689 3788 len:
711 3735 801 3788 Furor
818 3734 1013 3789 idolatrorum.
