2575 4225
197 285 262 347 324
537 280 642 362 Caput
664 247 806 342 sextum

201 457 213 495 ¹
220 459 339 571 Aequi
354 459 455 521 dices:
483 458 611 521 Poterat
632 456 694 519 hoc
709 455 778 519 fieri
804 456 867 519 alia
889 456 1011 519 ratione
1026 456 1136 520 minus

284 549 375 624 dura,
391 553 424 610 et
438 566 520 626 quae
534 544 771 608 misericordiae
782 545 835 608 dei
849 550 934 611 esset
948 546 1136 610 0001001011-
1158 594 1164 599 -

197 639 283 702 tior?
333 635 539 717 Respondeo:
573 634 647 696 Non
680 639 814 715 poterat.
863 634 948 696 Nam
980 634 1043 697 hoc
1075 654 1137 698 usu

197 726 367 801 discimus,
399 724 550 787 idolatras
579 723 659 785 dum
682 728 817 786 utuntur
840 723 981 785 secunda
1009 724 1138 787 fortuna

196 816 293 897 plane
316 834 385 877 esse
401 811 640 892 incorrigibiles.
688 810 777 874 Sicut
799 812 887 873 enim
911 831 1008 893 supra
1029 813 1138 875 Hosea

198 909 335 967 testatus
363 908 427 979 est,
458 902 518 964 hos
547 901 635 982 ipsos
658 920 836 977 successus,
866 900 985 981 quibus
1007 901 1138 963 uteban-

198 1000 266 1069 tur,
296 991 462 1054 idolatriae
495 990 642 1053 ferebant
670 995 832 1070 acceptos,
871 995 904 1053 et
929 990 1003 1053 ideo
1036 991 1139 1071 magis

198 1080 433 1144 incumbebant
454 1080 491 1142 in
513 1098 594 1141 eam.

289 1170 360 1233 Etsi
387 1168 487 1249 igitur
509 1168 589 1230 deus
612 1172 737 1248 poterat
765 1167 815 1230 uti
837 1166 1019 1230 mitioribus
1041 1186 1139 1229 reme·

200 1258 278 1335 diis,
308 1265 418 1321 tamen
449 1276 487 1319 ea
516 1276 583 1319 non
612 1255 756 1318 admittit
788 1255 960 1318 hominum
989 1256 1140 1337 pravitas.

200 1348 289 1421 Quae
316 1346 404 1409 enim
431 1344 539 1408 mitior
568 1350 675 1424 potest
704 1364 772 1407 esse
800 1344 895 1420 ratic,
927 1363 1027 1424 quam
1053 1346 1142 1425 quod

199 1435 296 1499 verbo
319 1434 472 1497 admonet
486 1439 678 1514 peccatores,
702 1440 740 1496 ut
762 1433 935 1495 emendent
954 1440 1087 1515 peccata
1109 1440 1143 1497 et

199 1543 378 1606 poenarum
407 1540 520 1585 causas
549 1521 675 1585 vitent?
720 1521 783 1584 Sed
811 1522 895 1585 nihil
927 1521 989 1585 hac
1017 1523 1142 1586 ratione

200 1612 327 1701 proficit
356 1610 445 1674 deus.
493 1609 679 1690 Castigandi
708 1610 807 1691 igitur
829 1616 920 1687 sunt,
953 1616 986 1675 et
1008 1611 1143 1691 quidem

200 1700 280 1764 adeo
303 1699 439 1776 duriter,
467 1705 505 1762 ut
527 1699 616 1761 nulla
637 1699 832 1762 exercendae
861 1698 1027 1762 idolatriae
1050 1700 1142 1763 relin-

201 1796 318 1870 quatur
344 1788 488 1858 facultas.
547 1789 634 1850 Dum
662 1789 750 1851 enim
785 1787 956 1852 adversarii
978 1788 1142 1869 religionis

200 1884 340 1956 nostrae,
364 1884 421 1941 aut
442 1878 478 1939 in
499 1896 578 1958 pace
601 1878 724 1953 vivunt,
748 1882 805 1939 aut
827 1896 868 1938 ex
888 1876 1065 1957 longinquo
1093 1896 1140 1940 ru·

200 1968 343 2031 moribus
358 1967 515 2029 bellorum
530 1971 697 2043 terrentur,
721 1966 847 2028 nullum
862 1965 1027 2028 idolatriae
1042 1966 1142 2029 finem

201 2056 333 2120 faciunt.
379 2056 493 2135 Itaque
517 2054 661 2136 quotidie
691 2054 818 2136 gratim
844 2054 1005 2118 incumbit
1027 2055 1141 2132 lusca,

201 2145 424 2295 doneodetiam
454 2144 640 2207 facultatem
662 2143 830 2210 idolatriae
858 2143 1054 2208 exercendae
1078 2144 1142 2208 adi-
1184 2149 1186 2153 ’

204 2239 273 2296 11101
318 2253 384 2296 0110.
1057 2253 1060 2256 ’

295 2316 434 2409 211011000
462 2327 571 2384 01110111
599 2326 691 2397 011111,
727 2321 784 2401 qui
807 2322 977 2385 consilium
1004 2321 1058 2385 dei
1080 2323 1142 2386 hoc

201 2410 298 2474 modo
327 2411 521 2491 intelligunt.
567 2410 614 2471 Hi
641 2409 729 2472 enim
752 2431 861 2475 veram
888 2411 975 2475 viam
998 2410 1040 2473 ad
1069 2432 1141 2494 poe·

202 2500 374 2564 nitentium
400 2501 569 2576 insistunt,
604 2499 667 2562 hcc
700 2505 756 2576 est,
795 2505 974 2580 agnoscunt
999 2507 1141 2582 peccata,

202 2594 333 2670 propter
348 2609 431 2667 quae
453 2590 536 2650 110111
559 2588 612 2649 dei
626 2588 753 2652 venisse
776 2595 905 2666 norunt,
930 2595 962 2652 et
976 2609 1014 2652 ea
1037 2609 1142 2652 emen-

203 2677 292 2738 dant.
350 2676 473 2738 Deinde
497 2683 657 2754 quaerunt
686 2676 802 2739 faciem
825 2677 962 2756 domini,
990 2678 1053 2741 hoc
1084 2684 1142 2755 est,

203 2763 287 2829 nihil
309 2763 490 2844 suscipiunt
517 2769 574 2826 aut
596 2764 772 2830 instituunt
795 2773 904 2830 contra
930 2768 1064 2830 verbum
1088 2772 1145 2829 aut

205 2853 275 2915 sine
289 2852 396 2929 verbo,
420 2857 453 2914 et
467 2851 629 2934 incipiunt
643 2853 741 2917 fidere
756 2855 992 2918 misericordiae
1008 2855 1143 2932 domini,

204 2941 291 3021 quod
315 2941 397 3005 sicut
419 2941 584 3023 percussit,
613 2943 661 3005 ita
683 2948 715 3007 et
737 2944 843 3008 fovere
866 2949 899 3006 01
921 2963 1032 3007 0011010
1056 2945 1143 3007 velit.

202 3031 315 3092 Animi
343 3036 452 3094 autem
488 3031 534 3093 sic
563 3030 706 3095 instituti
738 3033 944 3113 acquiescunt
985 3033 1146 3096 voluntati

203 3119 265 3180 dei.
313 3119 447 3195 Fiducia
469 3119 557 3182 enim
583 3120 820 3183 misericordiae
843 3120 895 3183 dei
924 3141 957 3183 se
981 3121 1144 3183 consolan-

203 3213 270 3283 tur,
302 3213 335 3270 et
357 3228 413 3289 spe
436 3207 537 3271 futuri
559 3208 637 3270 boni
664 3209 799 3272 vincunt
821 3209 1002 3291 praesentia
1023 3209 1144 3272 incom-

203 3295 315 3372 moda,
340 3296 426 3359 unde
449 3297 592 3360 1100011111
613 3317 688 3362 1010
710 3297 885 3380 pacientia,
910 3304 942 3361 et
964 3298 1146 3362 voluntaria

204 3384 397 3448 obedientia.
433 3386 437 3391 ’
912 3456 914 3465 y

291 3474 436 3537 Verbum
465 3474 605 3552 ,ieesmu‘
636 3474 722 3538 varie
751 3481 933 3557 exponunt,
969 3474 1026 3538 sed
1062 3476 1124 3540 0101

295 3682 322 3750 1)
340 3684 418 3738 Deus
442 3686 550 3751 cogitur
569 3684 693 3750 graviter
715 3685 817 3752 punire
837 3685 981 3740 idolatras.
1019 3683 1048 3753 2)
1069 3687 1131 3743 Ver

207 3754 391 3821 poenitentia.
942 3779 949 3793 ·
