2575 4225
21 3229 22 3236 1

21 3289 22 3298 r

24 3408 39 3424 ἢ

46 3454 65 3475 9.

58 3480 67 3491 ῃ

64 3496 73 3503 0.

74 3522 81 3529 .-

219 273 286 336 448
512 272 617 352 Caput
638 270 866 334 duodecimum

220 457 328 532 ptores
351 449 499 530 decipiat.
544 449 619 511 Non
640 454 735 530 putat
757 448 934 530 comparari
965 467 1044 529 opes
1068 467 1162 530 posse

221 540 316 602 iustis
344 537 531 601 rationibus.
585 538 825 600 convincuntur
865 538 963 616 igitur
997 537 1093 618 impii
1119 538 1162 599 Is·

220 628 360 703 melitae,
380 626 468 706 quod
483 627 610 689 nullum
625 619 755 707 prorsus
769 627 1000 688 beneficentiae
1016 626 1164 688 studium

221 716 372 792 habeant,
396 715 557 796 siquidem
575 721 705 778 tantum
728 715 768 777 de
791 721 907 794 questu
930 720 1008 777 sunt
1023 715 1162 777 solliciti.

222 806 326 867 Taxat
347 804 435 866 idem
457 810 625 886 peccatum
649 804 772 867 Michas
794 823 924 883 quoque
946 803 982 865 in
1006 809 1107 880 sexto,
1133 807 1166 865 et

223 892 372 968 ostendit,
397 913 480 973 quae
502 912 624 974 poenae
647 894 713 956 sint
735 897 909 954 secuturae.

318 977 396 1044 ¹Est
422 987 531 1044 autem
553 981 616 1044 hoc
644 981 805 1064 peculiare
828 982 946 1058 avaris,
978 986 1012 1043 et
1039 981 1068 1044 si
1095 981 1165 1044 sine

225 1071 361 1133 aliorum
386 1071 506 1133 iniuria
527 1090 661 1150 magnas
688 1089 766 1151 opes
788 1089 899 1150 parare
928 1089 995 1132 non
1017 1077 1165 1150 possunt,

223 1166 262 1222 ut
284 1180 350 1223 non
378 1165 555 1239 agnoscant
575 1166 757 1248 peccatum,
788 1159 844 1221 sed
866 1159 1007 1222 rationes
1029 1159 1165 1238 fingant,

225 1249 344 1328 quibus
360 1255 514 1311 excusent
536 1268 578 1310 se.
612 1248 677 1322 Qui
697 1247 917 1309 honestissimi
937 1254 1022 1322 sunt,
1048 1247 1169 1310 adduci

225 1356 260 1399 se
283 1337 390 1400 studio
413 1337 554 1398 familiae
577 1357 654 1399 suae
677 1336 809 1398 alendae
832 1336 954 1398 dicunt.
1000 1336 1067 1397 Alii
1089 1343 1167 1400 tem-

225 1445 341 1509 porum
369 1425 592 1487 difficultatem
619 1425 773 1504 allegant,
809 1445 891 1505 quae
918 1424 1055 1487 maiores
1083 1445 1168 1488 sum·

226 1518 303 1595 ptus
330 1514 485 1591 requirat,
527 1513 582 1574 alii
612 1515 769 1593 exemplis
798 1513 934 1576 aliorum
963 1533 997 1575 se
1024 1519 1168 1591 tuentur,

227 1620 265 1662 ac
293 1606 410 1681 putant
442 1601 505 1664 sibi
533 1621 662 1681 quoque
690 1603 799 1678 licere,
837 1601 925 1683 quod
959 1603 1096 1683 impunc
1126 1603 1170 1666 ab

228 1689 299 1755 aliis
322 1690 481 1753 committi
503 1690 625 1753 vident.

317 1779 407 1841 Sicut
427 1779 526 1859 igitur
547 1780 704 1861 Ephraim
730 1781 792 1843 hoc
813 1781 849 1841 in
870 1780 941 1842 loco
964 1779 1058 1843 dicit:
1097 1780 1172 1844 Non
1252 1797 1256 1808 ‘

227 1868 410 1930 invenietur
436 1869 591 1949 iniquitas
616 1870 653 1931 in
680 1869 844 1931 laboribus
867 1869 957 1931 meis.
1004 1869 1056 1932 Ita
1083 1870 1172 1932 avari

228 1977 296 2020 non
310 1958 415 2020 solum
430 1964 587 2020 excusant
607 1977 651 2034 se,
676 1957 847 2020 sedetiam
870 1958 932 2021 sibi
946 1957 1171 2036 blandiuntur,
1268 1999 1271 2024 ι

228 2046 323 2125 quasi
345 2046 408 2109 ista
430 2066 530 2129 opum
551 2047 616 2124 vis,
645 2052 716 2109 tarn
738 2047 832 2108 1111111
856 2047 978 2111 artibus
1001 2052 1104 2129 parta,
1129 2047 1173 2111 sit
1268 2039 1271 2096 i

229 2136 412 2198 benedictio
440 2136 501 2198 dei.
549 2136 611 2198 Sed
638 2142 771 2199 eventus
794 2137 983 2216 comprobat
1010 2156 1078 2199 non
1102 2156 1173 2200 esse
1271 2150 1272 2153 ’

229 2222 503 2301 benedictionem,
535 2245 608 2288 vere
631 2226 735 2301 enim,
759 2231 798 2288 ut
819 2224 943 2287 Michas
966 2224 1062 2301 dicit,
1086 2226 1173 2288 male

230 2317 341 2399 partae
365 2332 442 2392 opes
465 2319 542 2376 sunt
563 2314 656 2393 quasi
674 2314 760 2393 ignis
782 2314 818 2375 in
840 2313 937 2376 domo
953 2312 1073 2376 divitis.
1122 2315 1173 2377 Se·

231 2408 376 2481 quuntur
398 2402 487 2465 enim
502 2422 555 2466 eas
578 2409 682 2465 certae
705 2402 912 2479 calamitates.
959 2401 1050 2464 Sicut
1073 2403 1174 2483 igitur

231 2491 477 2554 beneficentiam
507 2492 679 2555 comitatur
708 2490 904 2567 benedictio,
940 2490 987 2553 ita
1015 2510 1175 2554 vesanum

231 2579 293 2642 hoc
322 2580 467 2642 studium
489 2581 656 2660 augendae
684 2580 731 2642 rei
752 2579 946 2660 multiplices
975 2598 1100 2660 poenae
1124 2600 1173 2643 co·

230 2667 396 2741 mitantur,
424 2686 505 2744 quas
527 2669 627 2729 etiam
648 2669 685 2730 in
706 2668 859 2731 haeredes
882 2686 958 2730 cum
980 2668 1097 2748 opibus
1121 2670 1173 2732 de·

231 2752 328 2816 rivari
351 2754 548 2834 experientia
571 2763 811 2820 commonstrat.
1044 2760 1047 2765 '

320 2842 410 2905 Haec
432 2842 537 2923 prima
558 2862 633 2924 pare
656 2844 825 2907 antithesis
848 2849 905 2920 111,
934 2844 969 2906 in
992 2864 1058 2925 qua
1080 2845 1177 2909 docet
1270 2922 1272 2929 Α

232 2930 478 2994 beneficentiam
505 2933 634 3013 negligi.
682 2933 832 3014 Sequitur
859 2933 1002 2995 secunda
1030 2954 1107 3015 pars
1134 2935 1176 2998 de
1270 2934 1272 2989 l

231 3021 376 3099 neglecto
398 3021 528 3085 iudicio.
1270 3032 1272 3041 '

233 3247 236 3251 Α
276 3195 342 3306 Er
375 3218 446 3277 ego
475 3198 670 3262 dominus
704 3198 802 3263 deus
835 3205 943 3276 tuus,
984 3218 1033 3260 ex
1067 3205 1176 3261 terra

338 3287 532 3367 Aegypti,
564 3287 634 3367 qui
661 3292 700 3350 te
735 3288 866 3351 adhuc
894 3287 1032 3351 sedere
1064 3288 1175 3351 facio

276 3374 319 3437 in
341 3376 620 3438 tabernaculis
636 3382 747 3439 certo
766 3382 956 3457 tempore,
982 3381 1018 3438 st
1032 3376 1149 3456 loque

277 3482 364 3526 cum
379 3465 596 3545 prophetis.
617 3465 696 3543 Ego
710 3466 945 3545 multiplico
958 3464 1150 3529 visionen

277 3557 318 3614 et
339 3553 696 3632 perministerium
719 3554 1012 3635 prophetarum
1027 3573 1087 3615 me
1110 3574 1142 3635 pr

325 3741 352 3808 1)
371 3743 503 3813 Avaricia
521 3760 553 3798 se
571 3748 697 3799 excusat.
