<?xml version="1.0" encoding="UTF-8"?>
<!DOCTYPE html PUBLIC "-//W3C//DTD XHTML 1.0 Transitional//EN"
    "http://www.w3.org/TR/xhtml1/DTD/xhtml1-transitional.dtd">
<html xmlns="http://www.w3.org/1999/xhtml" xml:lang="en" lang="en">
 <head>
  <title>
</title>
<meta http-equiv="Content-Type" content="text/html;charset=utf-8" />
  <meta name='ocr-system' content='tesseract 3.04.00' />
  <meta name='ocr-capabilities' content='ocr_page ocr_carea ocr_par ocr_line ocrx_word'/>
</head>
<body>
  <div class='ocr_page' id='page_1' title='image "./exegeticaoperal13luthgoog_0164.png"; bbox 0 0 2575 4225; ppageno 0'>
   <div class='ocr_carea' id='block_1_1' title="bbox 0 0 2 1337">
    <p class='ocr_par' dir='ltr' id='par_1_1' title="bbox 0 0 2 1337">
     <span class='ocr_line' id='line_1_1' title="bbox 0 0 2 1337; baseline 0 0"><span class='ocrx_word' id='word_1_1' title='bbox 0 0 2 1337; x_wconf 95' lang='lat' dir='ltr'> </span> 
     </span>
    </p>
   </div>
   <div class='ocr_carea' id='block_1_2' title="bbox 443 269 1081 351">
    <p class='ocr_par' dir='ltr' id='par_1_2' title="bbox 443 269 1081 351">
     <span class='ocr_line' id='line_1_2' title="bbox 443 269 1081 351; baseline 0.003 -19"><span class='ocrx_word' id='word_1_2' title='bbox 443 270 569 333; x_wconf 90' lang='lat' dir='ltr'>Hoseae</span> <span class='ocrx_word' id='word_1_3' title='bbox 592 269 777 351; x_wconf 82' lang='lat' dir='ltr'>prophetae.</span> <span class='ocrx_word' id='word_1_4' title='bbox 1019 271 1081 334; x_wconf 84' lang='lat'>153</span> 
     </span>
    </p>
   </div>
   <div class='ocr_carea' id='block_1_3' title="bbox 1 441 1083 2131">
    <p class='ocr_par' dir='ltr' id='par_1_3' title="bbox 136 441 1083 1238">
     <span class='ocr_line' id='line_1_3' title="bbox 233 441 1083 527; baseline 0.004 -19"><span class='ocrx_word' id='word_1_5' title='bbox 233 441 354 520; x_wconf 83' lang='lat' dir='ltr'>¹Quasi</span> <span class='ocrx_word' id='word_1_6' title='bbox 377 466 491 510; x_wconf 90' lang='lat' dir='ltr'>aurora</span> <span class='ocrx_word' id='word_1_7' title='bbox 512 447 659 510; x_wconf 87' lang='lat' dir='ltr'>firmatus</span> <span class='ocrx_word' id='word_1_8' title='bbox 683 453 731 511; x_wconf 90' lang='lat' dir='ltr'>est</span> <span class='ocrx_word' id='word_1_9' title='bbox 754 465 898 527; x_wconf 82' lang='lat' dir='ltr'>egressus</span> <span class='ocrx_word' id='word_1_10' title='bbox 921 447 1000 512; x_wconf 89' lang='lat' dir='ltr'>eius.</span> <span class='ocrx_word' id='word_1_11' title='bbox 1040 449 1083 512; x_wconf 82' lang='lat' dir='ltr'>Et</span> 
     </span>
     <span class='ocr_line' id='line_1_4' title="bbox 138 535 1080 618; baseline 0 -18"><span class='ocrx_word' id='word_1_12' title='bbox 138 535 248 600; x_wconf 85' lang='lat' dir='ltr'>veniet</span> <span class='ocrx_word' id='word_1_13' title='bbox 271 535 366 598; x_wconf 86' lang='lat' dir='ltr'>nobis</span> <span class='ocrx_word' id='word_1_14' title='bbox 388 535 472 600; x_wconf 87' lang='lat' dir='ltr'>sicut</span> <span class='ocrx_word' id='word_1_15' title='bbox 493 536 612 617; x_wconf 83' lang='lat' dir='ltr'>pluvia,</span> <span class='ocrx_word' id='word_1_16' title='bbox 638 542 671 600; x_wconf 92' lang='lat' dir='ltr'>et</span> <span class='ocrx_word' id='word_1_17' title='bbox 693 535 776 599; x_wconf 90' lang='lat' dir='ltr'>sicut</span> <span class='ocrx_word' id='word_1_18' title='bbox 798 555 869 600; x_wconf 90' lang='lat' dir='ltr'>sera</span> <span class='ocrx_word' id='word_1_19' title='bbox 890 537 1001 618; x_wconf 85' lang='lat' dir='ltr'>pluvia</span> <span class='ocrx_word' id='word_1_20' title='bbox 1023 543 1080 600; x_wconf 90' lang='lat' dir='ltr'>ter·</span> 
     </span>
     <span class='ocr_line' id='line_1_5' title="bbox 139 624 1081 707; baseline 0.001 -19"><span class='ocrx_word' id='word_1_21' title='bbox 139 645 200 688; x_wconf 84' lang='lat' dir='ltr'>rae.</span> <span class='ocrx_word' id='word_1_22' title='bbox 250 624 338 698; x_wconf 76' lang='lat' dir='ltr'>Quid</span> <span class='ocrx_word' id='word_1_23' title='bbox 371 624 502 686; x_wconf 60' lang='lat' dir='ltr'>fiaoiamx</span> <span class='ocrx_word' id='word_1_24' title='bbox 523 625 584 688; x_wconf 88' lang='lat' dir='ltr'>tibi</span> <span class='ocrx_word' id='word_1_25' title='bbox 617 625 797 707; x_wconf 77' lang='lat' dir='ltr'><strong>Ephraim?</strong></span> <span class='ocrx_word' id='word_1_26' title='bbox 843 625 929 700; x_wconf 77' lang='lat' dir='ltr'>Quid</span> <span class='ocrx_word' id='word_1_27' title='bbox 964 626 1081 689; x_wconf 86' lang='lat' dir='ltr'>faciam</span> 
     </span>
     <span class='ocr_line' id='line_1_6' title="bbox 138 713 1079 794; baseline 0.002 -18"><span class='ocrx_word' id='word_1_28' title='bbox 138 714 199 777; x_wconf 91' lang='lat' dir='ltr'>tibi</span> <span class='ocrx_word' id='word_1_29' title='bbox 222 713 330 775; x_wconf 76' lang='lat' dir='ltr'>Iuda?</span> <span class='ocrx_word' id='word_1_30' title='bbox 374 715 590 777; x_wconf 88' lang='lat' dir='ltr'>Beneficentia</span> <span class='ocrx_word' id='word_1_31' title='bbox 619 733 684 794; x_wconf 89' lang='lat' dir='ltr'>qua</span> <span class='ocrx_word' id='word_1_32' title='bbox 713 729 796 794; x_wconf 83' lang='lat' dir='ltr'>erga·</span> <span class='ocrx_word' id='word_1_33' title='bbox 814 734 871 778; x_wconf 88' lang='lat' dir='ltr'>vos</span> <span class='ocrx_word' id='word_1_34' title='bbox 894 723 981 792; x_wconf 87' lang='lat' dir='ltr'>utar,</span> <span class='ocrx_word' id='word_1_35' title='bbox 1010 716 1079 792; x_wconf 88' lang='lat' dir='ltr'>erit,</span> 
     </span>
     <span class='ocr_line' id='line_1_7' title="bbox 138 803 1080 879; baseline 0.004 -15"><span class='ocrx_word' id='word_1_36' title='bbox 138 803 223 865; x_wconf 89' lang='lat' dir='ltr'>sicut</span> <span class='ocrx_word' id='word_1_37' title='bbox 245 803 349 865; x_wconf 90' lang='lat' dir='ltr'>nubes</span> <span class='ocrx_word' id='word_1_38' title='bbox 372 803 542 879; x_wconf 86' lang='lat' dir='ltr'>matutina,</span> <span class='ocrx_word' id='word_1_39' title='bbox 567 810 599 865; x_wconf 88' lang='lat' dir='ltr'>et</span> <span class='ocrx_word' id='word_1_40' title='bbox 621 805 705 865; x_wconf 88' lang='lat' dir='ltr'>sicut</span> <span class='ocrx_word' id='word_1_41' title='bbox 732 823 783 866; x_wconf 91' lang='lat' dir='ltr'>ros</span> <span class='ocrx_word' id='word_1_42' title='bbox 811 823 907 866; x_wconf 90' lang='lat' dir='ltr'>mane</span> <span class='ocrx_word' id='word_1_43' title='bbox 938 804 1080 868; x_wconf 88' lang='lat' dir='ltr'>veniens.</span> 
     </span>
     <span class='ocr_line' id='line_1_8' title="bbox 136 885 1080 974; baseline 0.002 -20"><span class='ocrx_word' id='word_1_44' title='bbox 136 892 312 973; x_wconf 82' lang='lat' dir='ltr'>Propterea</span> <span class='ocrx_word' id='word_1_45' title='bbox 334 891 440 955; x_wconf 88' lang='lat' dir='ltr'>dolavi</span> <span class='ocrx_word' id='word_1_46' title='bbox 462 913 521 973; x_wconf 90' lang='lat' dir='ltr'>per</span> <span class='ocrx_word' id='word_1_47' title='bbox 548 893 732 973; x_wconf 88' lang='lat' dir='ltr'>prophetas.</span> <span class='ocrx_word' id='word_1_48' title='bbox 783 885 912 954; x_wconf 73' lang='lat' dir='ltr'>&#39;Occidi</span> <span class='ocrx_word' id='word_1_49' title='bbox 939 912 993 956; x_wconf 89' lang='lat' dir='ltr'>eos</span> <span class='ocrx_word' id='word_1_50' title='bbox 1023 913 1080 974; x_wconf 89' lang='lat' dir='ltr'>per</span> 
     </span>
     <span class='ocr_line' id='line_1_9' title="bbox 136 980 1079 1060; baseline 0.002 -18"><span class='ocrx_word' id='word_1_51' title='bbox 136 981 237 1043; x_wconf 82' lang='lat' dir='ltr'>verba</span> <span class='ocrx_word' id='word_1_52' title='bbox 259 980 324 1042; x_wconf 86' lang='lat' dir='ltr'>oris</span> <span class='ocrx_word' id='word_1_53' title='bbox 345 981 421 1057; x_wconf 86' lang='lat' dir='ltr'>mei,</span> <span class='ocrx_word' id='word_1_54' title='bbox 446 986 479 1044; x_wconf 88' lang='lat' dir='ltr'>et</span> <span class='ocrx_word' id='word_1_55' title='bbox 500 980 621 1043; x_wconf 89' lang='lat' dir='ltr'>iudicia</span> <span class='ocrx_word' id='word_1_56' title='bbox 643 986 700 1043; x_wconf 91' lang='lat' dir='ltr'>tua</span> <span class='ocrx_word' id='word_1_57' title='bbox 721 980 779 1042; x_wconf 87' lang='lat' dir='ltr'>lux</span> <span class='ocrx_word' id='word_1_58' title='bbox 802 981 977 1060; x_wconf 85' lang='lat' dir='ltr'>egrediens.</span> <span class='ocrx_word' id='word_1_59' title='bbox 1023 982 1079 1044; x_wconf 88' lang='lat' dir='ltr'>Mi·</span> 
     </span>
     <span class='ocr_line' id='line_1_10' title="bbox 138 1069 1079 1150; baseline 0.001 -18"><span class='ocrx_word' id='word_1_60' title='bbox 138 1069 346 1132; x_wconf 87' lang='lat' dir='ltr'>sericordiam</span> <span class='ocrx_word' id='word_1_61' title='bbox 368 1087 442 1132; x_wconf 88' lang='lat' dir='ltr'>amo</span> <span class='ocrx_word' id='word_1_62' title='bbox 464 1071 568 1150; x_wconf 87' lang='lat' dir='ltr'>magis</span> <span class='ocrx_word' id='word_1_63' title='bbox 591 1083 692 1149; x_wconf 85' lang='lat' dir='ltr'>quam</span> <span class='ocrx_word' id='word_1_64' title='bbox 715 1069 916 1147; x_wconf 85' lang='lat' dir='ltr'>sacrificium,</span> <span class='ocrx_word' id='word_1_65' title='bbox 947 1076 979 1133; x_wconf 90' lang='lat' dir='ltr'>et</span> <span class='ocrx_word' id='word_1_66' title='bbox 1001 1071 1079 1133; x_wconf 89' lang='lat' dir='ltr'>noti·</span> 
     </span>
     <span class='ocr_line' id='line_1_11' title="bbox 138 1158 891 1238; baseline -0.001 -16"><span class='ocrx_word' id='word_1_67' title='bbox 138 1159 222 1222; x_wconf 87' lang='lat' dir='ltr'>ciam</span> <span class='ocrx_word' id='word_1_68' title='bbox 247 1158 301 1219; x_wconf 90' lang='lat' dir='ltr'>dei</span> <span class='ocrx_word' id='word_1_69' title='bbox 322 1159 426 1238; x_wconf 84' lang='lat' dir='ltr'>magis</span> <span class='ocrx_word' id='word_1_70' title='bbox 449 1178 549 1238; x_wconf 91' lang='lat' dir='ltr'>quam</span> <span class='ocrx_word' id='word_1_71' title='bbox 571 1160 674 1220; x_wconf 93' lang='lat' dir='ltr'>multa</span> <span class='ocrx_word' id='word_1_72' title='bbox 696 1158 891 1221; x_wconf 85' lang='lat' dir='ltr'>holocausta.</span> 
     </span>
    </p>

    <p class='ocr_par' dir='ltr' id='par_1_4' title="bbox 1 1239 1081 1933">
     <span class='ocr_line' id='line_1_12' title="bbox 232 1239 1079 1328; baseline 0.002 -21"><span class='ocrx_word' id='word_1_73' title='bbox 232 1239 320 1327; x_wconf 78' lang='lat' dir='ltr'>³Ipsi</span> <span class='ocrx_word' id='word_1_74' title='bbox 343 1254 451 1310; x_wconf 86' lang='lat' dir='ltr'>autem</span> <span class='ocrx_word' id='word_1_75' title='bbox 474 1248 558 1310; x_wconf 91' lang='lat' dir='ltr'>sicut</span> <span class='ocrx_word' id='word_1_76' title='bbox 579 1248 686 1309; x_wconf 91' lang='lat' dir='ltr'>Adam</span> <span class='ocrx_word' id='word_1_77' title='bbox 707 1247 897 1328; x_wconf 75' lang='lat' dir='ltr'><strong>transgressi</strong></span> <span class='ocrx_word' id='word_1_78' title='bbox 920 1253 996 1310; x_wconf 88' lang='lat' dir='ltr'>sunt</span> <span class='ocrx_word' id='word_1_79' title='bbox 1018 1245 1079 1311; x_wconf 88' lang='lat' dir='ltr'>foe·</span> 
     </span>
     <span class='ocr_line' id='line_1_13' title="bbox 137 1335 1079 1419; baseline 0 -21"><span class='ocrx_word' id='word_1_80' title='bbox 137 1336 209 1398; x_wconf 90' lang='lat' dir='ltr'>dus.</span> <span class='ocrx_word' id='word_1_81' title='bbox 258 1335 309 1398; x_wconf 91' lang='lat' dir='ltr'>Ibi</span> <span class='ocrx_word' id='word_1_82' title='bbox 331 1343 520 1417; x_wconf 87' lang='lat' dir='ltr'>spreverunt</span> <span class='ocrx_word' id='word_1_83' title='bbox 541 1356 603 1399; x_wconf 88' lang='lat' dir='ltr'>me.</span> <span class='ocrx_word' id='word_1_84' title='bbox 652 1335 765 1400; x_wconf 84' lang='lat' dir='ltr'>Gilead</span> <span class='ocrx_word' id='word_1_85' title='bbox 795 1343 844 1399; x_wconf 89' lang='lat' dir='ltr'>est</span> <span class='ocrx_word' id='word_1_86' title='bbox 873 1335 985 1400; x_wconf 82' lang='lat' dir='ltr'>civitas</span> <span class='ocrx_word' id='word_1_87' title='bbox 1008 1357 1079 1419; x_wconf 90' lang='lat' dir='ltr'>ope-</span> 
     </span>
     <span class='ocr_line' id='line_1_14' title="bbox 1 1419 1081 1506; baseline 0.003 -21"><span class='ocrx_word' id='word_1_88' title='bbox 1 1434 4 1485; x_wconf 70' lang='lat'>?</span> <span class='ocrx_word' id='word_1_89' title='bbox 137 1426 286 1488; x_wconf 80' lang='lat' dir='ltr'>rontium</span> <span class='ocrx_word' id='word_1_90' title='bbox 321 1425 544 1506; x_wconf 89' lang='lat' dir='ltr'>iniquitatem,</span> <span class='ocrx_word' id='word_1_91' title='bbox 582 1425 680 1506; x_wconf 89' lang='lat' dir='ltr'>plena</span> <span class='ocrx_word' id='word_1_92' title='bbox 714 1426 890 1506; x_wconf 85' lang='lat' dir='ltr'>sanguinis.</span> <span class='ocrx_word' id='word_1_93' title='bbox 951 1419 1081 1488; x_wconf 78' lang='lat' dir='ltr'>⁴Turba</span> 
     </span>
     <span class='ocr_line' id='line_1_15' title="bbox 1 1511 1078 1596; baseline 0.001 -19"><span class='ocrx_word' id='word_1_94' title='bbox 1 1514 3 1537; x_wconf 72' lang='lat'><em>³</em></span> <span class='ocrx_word' id='word_1_95' title='bbox 57 1539 61 1545; x_wconf 63' lang='lat'>¹</span> <span class='ocrx_word' id='word_1_96' title='bbox 137 1511 344 1577; x_wconf 73' lang='lat' dir='ltr'>sacerdotum</span> <span class='ocrx_word' id='word_1_97' title='bbox 366 1515 481 1577; x_wconf 89' lang='lat' dir='ltr'>similis</span> <span class='ocrx_word' id='word_1_98' title='bbox 505 1521 554 1578; x_wconf 88' lang='lat' dir='ltr'>est</span> <span class='ocrx_word' id='word_1_99' title='bbox 575 1514 764 1591; x_wconf 80' lang='lat' dir='ltr'>latronibus,</span> <span class='ocrx_word' id='word_1_100' title='bbox 789 1515 846 1596; x_wconf 90' lang='lat' dir='ltr'>qui</span> <span class='ocrx_word' id='word_1_101' title='bbox 868 1514 1003 1578; x_wconf 88' lang='lat' dir='ltr'>insidias</span> <span class='ocrx_word' id='word_1_102' title='bbox 1026 1535 1078 1596; x_wconf 91' lang='lat' dir='ltr'>po·</span> 
     </span>
     <span class='ocr_line' id='line_1_16' title="bbox 2 1603 1080 1685; baseline 0.001 -21"><span class='ocrx_word' id='word_1_103' title='bbox 2 1644 3 1653; x_wconf 52' lang='lat'>,</span> <span class='ocrx_word' id='word_1_104' title='bbox 137 1609 222 1666; x_wconf 84' lang='lat' dir='ltr'>nunt</span> <span class='ocrx_word' id='word_1_105' title='bbox 244 1603 283 1664; x_wconf 91' lang='lat' dir='ltr'>in</span> <span class='ocrx_word' id='word_1_106' title='bbox 304 1603 357 1666; x_wconf 86' lang='lat' dir='ltr'>via</span> <span class='ocrx_word' id='word_1_107' title='bbox 378 1623 489 1668; x_wconf 85' lang='lat' dir='ltr'>versus</span> <span class='ocrx_word' id='word_1_108' title='bbox 505 1603 643 1679; x_wconf 81' lang='lat' dir='ltr'>Sichem,</span> <span class='ocrx_word' id='word_1_109' title='bbox 668 1610 701 1666; x_wconf 89' lang='lat' dir='ltr'>et</span> <span class='ocrx_word' id='word_1_110' title='bbox 716 1603 828 1668; x_wconf 87' lang='lat' dir='ltr'>coedes</span> <span class='ocrx_word' id='word_1_111' title='bbox 843 1603 978 1680; x_wconf 84' lang='lat' dir='ltr'>faciunt,</span> <span class='ocrx_word' id='word_1_112' title='bbox 1003 1605 1080 1685; x_wconf 90' lang='lat' dir='ltr'>quia</span> 
     </span>
     <span class='ocr_line' id='line_1_17' title="bbox 137 1691 1079 1772; baseline 0.003 -19"><span class='ocrx_word' id='word_1_113' title='bbox 137 1691 266 1754; x_wconf 89' lang='lat' dir='ltr'>faciunt</span> <span class='ocrx_word' id='word_1_114' title='bbox 288 1691 448 1772; x_wconf 91' lang='lat' dir='ltr'>quidquid</span> <span class='ocrx_word' id='word_1_115' title='bbox 472 1693 623 1772; x_wconf 79' lang='lat' dir='ltr'>cogitant.</span> <span class='ocrx_word' id='word_1_116' title='bbox 669 1693 709 1755; x_wconf 93' lang='lat' dir='ltr'>In</span> <span class='ocrx_word' id='word_1_117' title='bbox 739 1692 837 1754; x_wconf 90' lang='lat' dir='ltr'>domo</span> <span class='ocrx_word' id='word_1_118' title='bbox 859 1691 958 1756; x_wconf 87' lang='lat' dir='ltr'>Israel</span> <span class='ocrx_word' id='word_1_119' title='bbox 985 1693 1079 1757; x_wconf 86' lang='lat' dir='ltr'>video</span> 
     </span>
     <span class='ocr_line' id='line_1_18' title="bbox 135 1779 1078 1863; baseline 0 -21"><span class='ocrx_word' id='word_1_120' title='bbox 135 1779 308 1843; x_wconf 87' lang='lat' dir='ltr'>horrenda.</span> <span class='ocrx_word' id='word_1_121' title='bbox 354 1781 406 1843; x_wconf 88' lang='lat' dir='ltr'>Ibi</span> <span class='ocrx_word' id='word_1_122' title='bbox 432 1782 521 1844; x_wconf 88' lang='lat' dir='ltr'>enim</span> <span class='ocrx_word' id='word_1_123' title='bbox 550 1781 725 1844; x_wconf 83' lang='lat' dir='ltr'>fornicatur</span> <span class='ocrx_word' id='word_1_124' title='bbox 753 1780 924 1863; x_wconf 79' lang='lat' dir='ltr'>Ephraim,</span> <span class='ocrx_word' id='word_1_125' title='bbox 954 1786 986 1860; x_wconf 83' lang='lat' dir='ltr'>et</span> <span class='ocrx_word' id='word_1_126' title='bbox 1015 1783 1078 1863; x_wconf 87' lang='lat' dir='ltr'>pol-</span> 
     </span>
     <span class='ocr_line' id='line_1_19' title="bbox 135 1869 368 1933; baseline 0 -2"><span class='ocrx_word' id='word_1_127' title='bbox 135 1869 238 1933; x_wconf 84' lang='lat' dir='ltr'>luitur</span> <span class='ocrx_word' id='word_1_128' title='bbox 260 1870 368 1933; x_wconf 85' lang='lat' dir='ltr'>Israel.</span> 
     </span>
    </p>

    <p class='ocr_par' dir='ltr' id='par_1_5' title="bbox 137 1953 1078 2131">
     <span class='ocr_line' id='line_1_20' title="bbox 232 1953 1078 2044; baseline 0 -24"><span class='ocrx_word' id='word_1_129' title='bbox 232 1953 315 2020; x_wconf 80' lang='lat' dir='ltr'>⁵Ssd</span> <span class='ocrx_word' id='word_1_130' title='bbox 338 1977 357 2022; x_wconf 89' lang='lat'>0</span> <span class='ocrx_word' id='word_1_131' title='bbox 378 1959 470 2036; x_wconf 89' lang='lat' dir='ltr'>Iuda,</span> <span class='ocrx_word' id='word_1_132' title='bbox 494 1958 590 2041; x_wconf 88' lang='lat' dir='ltr'>ponis</span> <span class='ocrx_word' id='word_1_133' title='bbox 613 1958 675 2022; x_wconf 87' lang='lat' dir='ltr'>tibi</span> <span class='ocrx_word' id='word_1_134' title='bbox 690 1977 839 2035; x_wconf 85' lang='lat' dir='ltr'>messem,</span> <span class='ocrx_word' id='word_1_135' title='bbox 864 1975 938 2022; x_wconf 86' lang='lat' dir='ltr'>cum</span> <span class='ocrx_word' id='word_1_136' title='bbox 954 1977 1078 2044; x_wconf 80' lang='lat' dir='ltr'>conver·</span> 
     </span>
     <span class='ocr_line' id='line_1_21' title="bbox 137 2046 715 2131; baseline -0.005 -20"><span class='ocrx_word' id='word_1_137' title='bbox 137 2055 206 2111; x_wconf 88' lang='lat' dir='ltr'>tam</span> <span class='ocrx_word' id='word_1_138' title='bbox 230 2049 452 2130; x_wconf 86' lang='lat' dir='ltr'>captivitatem</span> <span class='ocrx_word' id='word_1_139' title='bbox 475 2046 588 2131; x_wconf 90' lang='lat' dir='ltr'>populi</span> <span class='ocrx_word' id='word_1_140' title='bbox 611 2048 686 2111; x_wconf 87' lang='lat' dir='ltr'>mei.</span> <span class='ocrx_word' id='word_1_141' title='bbox 713 2069 715 2072; x_wconf 92' lang='lat'>·</span> 
     </span>
    </p>
   </div>
   <div class='ocr_carea' id='block_1_4' title="bbox 570 2313 643 2376">
    <p class='ocr_par' dir='ltr' id='par_1_6' title="bbox 570 2313 643 2376">
     <span class='ocr_line' id='line_1_22' title="bbox 570 2313 643 2376; baseline 0.014 -1"><span class='ocrx_word' id='word_1_142' title='bbox 570 2313 643 2376; x_wconf 84' lang='lat' dir='ltr'><strong>VII.</strong></span> 
     </span>
    </p>
   </div>
   <div class='ocr_carea' id='block_1_5' title="bbox 134 2442 1080 3161">
    <p class='ocr_par' dir='ltr' id='par_1_7' title="bbox 141 2442 1079 2569">
     <span class='ocr_line' id='line_1_23' title="bbox 141 2442 1079 2569; baseline -0.005 -47"><span class='ocrx_word' id='word_1_143' title='bbox 141 2442 259 2569; x_wconf 75' lang='lat' dir='ltr'>⁶0vm</span> <span class='ocrx_word' id='word_1_144' title='bbox 283 2476 431 2520; x_wconf 90' lang='lat' dir='ltr'>sanarem</span> <span class='ocrx_word' id='word_1_145' title='bbox 445 2457 553 2533; x_wconf 85' lang='lat' dir='ltr'>Israel,</span> <span class='ocrx_word' id='word_1_146' title='bbox 575 2455 774 2520; x_wconf 79' lang='lat' dir='ltr'>revelabatur</span> <span class='ocrx_word' id='word_1_147' title='bbox 789 2456 943 2536; x_wconf 89' lang='lat' dir='ltr'>iniquitas</span> <span class='ocrx_word' id='word_1_148' title='bbox 959 2456 1079 2536; x_wconf 79' lang='lat' dir='ltr'>Ephra-</span> 
     </span>
    </p>

    <p class='ocr_par' dir='ltr' id='par_1_8' title="bbox 134 2542 1080 3161">
     <span class='ocr_line' id='line_1_24' title="bbox 217 2542 1078 2627; baseline -0.003 -19"><span class='ocrx_word' id='word_1_149' title='bbox 217 2548 275 2627; x_wconf 84' lang='lat' dir='ltr'>im,</span> <span class='ocrx_word' id='word_1_150' title='bbox 299 2552 332 2610; x_wconf 90' lang='lat' dir='ltr'>et</span> <span class='ocrx_word' id='word_1_151' title='bbox 353 2546 457 2609; x_wconf 84' lang='lat' dir='ltr'>multa</span> <span class='ocrx_word' id='word_1_152' title='bbox 478 2544 608 2611; x_wconf 80' lang='lat' dir='ltr'>malicia</span> <span class='ocrx_word' id='word_1_153' title='bbox 622 2542 804 2607; x_wconf 82' lang='lat' dir='ltr'>Samariae.¹</span> <span class='ocrx_word' id='word_1_154' title='bbox 842 2544 926 2619; x_wconf 78' lang='lat' dir='ltr'>Quia</span> <span class='ocrx_word' id='word_1_155' title='bbox 948 2562 1078 2624; x_wconf 87' lang='lat' dir='ltr'>operan-</span> 
     </span>
     <span class='ocr_line' id='line_1_25' title="bbox 134 2632 1080 2722; baseline -0.001 -23"><span class='ocrx_word' id='word_1_156' title='bbox 134 2643 191 2699; x_wconf 85' lang='lat' dir='ltr'>tur</span> <span class='ocrx_word' id='word_1_157' title='bbox 213 2634 432 2722; x_wconf 81' lang='lat' dir='ltr'>mendacium.</span> <span class='ocrx_word' id='word_1_158' title='bbox 489 2632 567 2696; x_wconf 88' lang='lat' dir='ltr'>Ideo</span> <span class='ocrx_word' id='word_1_159' title='bbox 601 2632 691 2698; x_wconf 88' lang='lat' dir='ltr'>venit</span> <span class='ocrx_word' id='word_1_160' title='bbox 724 2633 785 2713; x_wconf 88' lang='lat' dir='ltr'>fur,</span> <span class='ocrx_word' id='word_1_161' title='bbox 822 2640 855 2697; x_wconf 88' lang='lat' dir='ltr'>et</span> <span class='ocrx_word' id='word_1_162' title='bbox 886 2633 967 2695; x_wconf 87' lang='lat' dir='ltr'>latro</span> <span class='ocrx_word' id='word_1_163' title='bbox 1002 2632 1080 2698; x_wconf 79' lang='lat' dir='ltr'>foris</span> 
     </span>
     <span class='ocr_line' id='line_1_26' title="bbox 134 2721 1079 2806; baseline -0.005 -18"><span class='ocrx_word' id='word_1_164' title='bbox 134 2723 265 2806; x_wconf 87' lang='lat' dir='ltr'>spoliat.</span> <span class='ocrx_word' id='word_1_165' title='bbox 314 2722 357 2785; x_wconf 77' lang='lat' dir='ltr'>itt</span> <span class='ocrx_word' id='word_1_166' title='bbox 379 2730 489 2786; x_wconf 87' lang='lat' dir='ltr'>tamen</span> <span class='ocrx_word' id='word_1_167' title='bbox 512 2743 578 2785; x_wconf 92' lang='lat' dir='ltr'>non</span> <span class='ocrx_word' id='word_1_168' title='bbox 601 2722 745 2802; x_wconf 85' lang='lat' dir='ltr'>cogitant</span> <span class='ocrx_word' id='word_1_169' title='bbox 766 2723 854 2803; x_wconf 87' lang='lat' dir='ltr'>quod</span> <span class='ocrx_word' id='word_1_170' title='bbox 874 2722 974 2787; x_wconf 86' lang='lat' dir='ltr'>seiam</span> <span class='ocrx_word' id='word_1_171' title='bbox 989 2721 1079 2801; x_wconf 84' lang='lat' dir='ltr'>quid</span> 
     </span>
     <span class='ocr_line' id='line_1_27' title="bbox 136 2805 1080 2913; baseline -0.002 -38"><span class='ocrx_word' id='word_1_172' title='bbox 136 2812 221 2894; x_wconf 87' lang='lat' dir='ltr'>quid</span> <span class='ocrx_word' id='word_1_173' title='bbox 236 2812 317 2874; x_wconf 85' lang='lat' dir='ltr'>mali</span> <span class='ocrx_word' id='word_1_174' title='bbox 332 2812 484 2913; x_wconf 35' lang='lat' dir='ltr'>faciunt..</span> <span class='ocrx_word' id='word_1_175' title='bbox 500 2811 598 2873; x_wconf 82' lang='lat' dir='ltr'>Hunc</span> <span class='ocrx_word' id='word_1_176' title='bbox 616 2805 674 2897; x_wconf 90' lang='lat' dir='ltr'>[sic</span> <span class='ocrx_word' id='word_1_177' title='bbox 683 2808 700 2891; x_wconf 84' lang='lat'>1]</span> <span class='ocrx_word' id='word_1_178' title='bbox 719 2817 828 2873; x_wconf 89' lang='lat' dir='ltr'>autem</span> <span class='ocrx_word' id='word_1_179' title='bbox 843 2811 951 2907; x_wconf 74' lang='lat' dir='ltr'>studia</span> <span class='ocrx_word' id='word_1_180' title='bbox 962 2811 1080 2890; x_wconf 90' lang='lat' dir='ltr'>quibus</span> 
     </span>
     <span class='ocr_line' id='line_1_28' title="bbox 135 2904 1080 3067; baseline 0 -16"><span class='ocrx_word' id='word_1_181' title='bbox 135 2907 462 3055; x_wconf 46' lang='lat' dir='ltr'>occupffiatlllssiasffi</span> <span class='ocrx_word' id='word_1_182' title='bbox 475 2904 811 3067; x_wconf 46' lang='lat' dir='ltr'>ldxdiididditlielgbbui,</span> <span class='ocrx_word' id='word_1_183' title='bbox 843 2995 876 3051; x_wconf 90' lang='lat' dir='ltr'>et</span> <span class='ocrx_word' id='word_1_184' title='bbox 903 2958 1080 3051; x_wconf 79' lang='lat' dir='ltr'>mendaciis</span> 
     </span>
     <span class='ocr_line' id='line_1_29' title="bbox 135 3075 1080 3161; baseline -0.005 -17"><span class='ocrx_word' id='word_1_185' title='bbox 135 3080 206 3144; x_wconf 87' lang='lat' dir='ltr'>suis</span> <span class='ocrx_word' id='word_1_186' title='bbox 229 3078 401 3161; x_wconf 87' lang='lat' dir='ltr'>principes,</span> <span class='ocrx_word' id='word_1_187' title='bbox 437 3075 578 3142; x_wconf 89' lang='lat' dir='ltr'>universi</span> <span class='ocrx_word' id='word_1_188' title='bbox 611 3076 675 3158; x_wconf 88' lang='lat' dir='ltr'>ipsi</span> <span class='ocrx_word' id='word_1_189' title='bbox 691 3076 774 3140; x_wconf 86' lang='lat' dir='ltr'>sicut</span> <span class='ocrx_word' id='word_1_190' title='bbox 789 3076 935 3153; x_wconf 80' lang='lat' dir='ltr'>adulteri,</span> <span class='ocrx_word' id='word_1_191' title='bbox 960 3076 1080 3143; x_wconf 78' lang='lat' dir='ltr'>similes</span> 
     </span>
    </p>
   </div>
   <div class='ocr_carea' id='block_1_6' title="bbox 185 3320 1081 3815">
    <p class='ocr_par' dir='ltr' id='par_1_9' title="bbox 185 3320 1081 3535">
     <span class='ocr_line' id='line_1_30' title="bbox 230 3320 1080 3390; baseline -0.002 -15"><span class='ocrx_word' id='word_1_192' title='bbox 230 3322 257 3390; x_wconf 92' lang='lat'>1)</span> <span class='ocrx_word' id='word_1_193' title='bbox 279 3320 413 3375; x_wconf 82' lang='lat' dir='ltr'>Christus</span> <span class='ocrx_word' id='word_1_194' title='bbox 431 3326 461 3376; x_wconf 90' lang='lat' dir='ltr'>et</span> <span class='ocrx_word' id='word_1_195' title='bbox 478 3322 619 3389; x_wconf 86' lang='lat' dir='ltr'>evangelii</span> <span class='ocrx_word' id='word_1_196' title='bbox 637 3322 737 3375; x_wconf 90' lang='lat' dir='ltr'>lumen</span> <span class='ocrx_word' id='word_1_197' title='bbox 757 3321 906 3377; x_wconf 85' lang='lat' dir='ltr'>illustrans</span> <span class='ocrx_word' id='word_1_198' title='bbox 931 3322 1080 3375; x_wconf 88' lang='lat' dir='ltr'>mundum.</span> 
     </span>
     <span class='ocr_line' id='line_1_31' title="bbox 189 3390 1081 3461; baseline -0.003 -14"><span class='ocrx_word' id='word_1_199' title='bbox 189 3393 317 3447; x_wconf 88' lang='lat' dir='ltr'>Verbum</span> <span class='ocrx_word' id='word_1_200' title='bbox 335 3393 440 3452; x_wconf 80' lang='lat' dir='ltr'>occidit</span> <span class='ocrx_word' id='word_1_201' title='bbox 457 3394 614 3447; x_wconf 87' lang='lat' dir='ltr'>ostendens</span> <span class='ocrx_word' id='word_1_202' title='bbox 631 3408 741 3461; x_wconf 88' lang='lat' dir='ltr'>poenas</span> <span class='ocrx_word' id='word_1_203' title='bbox 758 3393 883 3461; x_wconf 88' lang='lat' dir='ltr'>peccati,</span> <span class='ocrx_word' id='word_1_204' title='bbox 908 3398 937 3445; x_wconf 89' lang='lat' dir='ltr'>et</span> <span class='ocrx_word' id='word_1_205' title='bbox 954 3390 1081 3449; x_wconf 84' lang='lat' dir='ltr'>vivificat</span> 
     </span>
     <span class='ocr_line' id='line_1_32' title="bbox 185 3462 1081 3535; baseline -0.001 -17"><span class='ocrx_word' id='word_1_206' title='bbox 185 3465 299 3519; x_wconf 88' lang='lat' dir='ltr'>endcns</span> <span class='ocrx_word' id='word_1_207' title='bbox 317 3464 517 3518; x_wconf 86' lang='lat' dir='ltr'>remissionem</span> <span class='ocrx_word' id='word_1_208' title='bbox 535 3468 716 3535; x_wconf 83' lang='lat' dir='ltr'>peccatorum</span> <span class='ocrx_word' id='word_1_209' title='bbox 756 3480 787 3517; x_wconf 90' lang='lat' dir='ltr'>er</span> <span class='ocrx_word' id='word_1_210' title='bbox 800 3462 956 3517; x_wconf 81' lang='lat' dir='ltr'>Christum.</span> <span class='ocrx_word' id='word_1_211' title='bbox 987 3462 1016 3531; x_wconf 84' lang='lat'>3)</span> <span class='ocrx_word' id='word_1_212' title='bbox 1030 3462 1081 3517; x_wconf 86' lang='lat' dir='ltr'>Re-</span> 
     </span>
    </p>

    <p class='ocr_par' dir='ltr' id='par_1_10' title="bbox 185 3534 1081 3815">
     <span class='ocr_line' id='line_1_33' title="bbox 212 3534 1080 3605; baseline 0 -16"><span class='ocrx_word' id='word_1_213' title='bbox 212 3537 251 3589; x_wconf 82' lang='lat' dir='ltr'>ad</span> <span class='ocrx_word' id='word_1_214' title='bbox 277 3540 461 3603; x_wconf 85' lang='lat' dir='ltr'>praesentem</span> <span class='ocrx_word' id='word_1_215' title='bbox 487 3536 634 3604; x_wconf 91' lang='lat' dir='ltr'>populum.</span> <span class='ocrx_word' id='word_1_216' title='bbox 672 3534 700 3603; x_wconf 83' lang='lat'>4)</span> <span class='ocrx_word' id='word_1_217' title='bbox 746 3536 893 3589; x_wconf 88' lang='lat' dir='ltr'>acerdctes</span> <span class='ocrx_word' id='word_1_218' title='bbox 912 3534 1080 3605; x_wconf 82' lang='lat' dir='ltr'>homicidae,</span> 
     </span>
     <span class='ocr_line' id='line_1_34' title="bbox 199 3604 1081 3675; baseline -0.002 -15"><span class='ocrx_word' id='word_1_219' title='bbox 199 3607 343 3674; x_wconf 85' lang='lat' dir='ltr'>templum</span> <span class='ocrx_word' id='word_1_220' title='bbox 372 3607 511 3673; x_wconf 89' lang='lat' dir='ltr'>spelunca</span> <span class='ocrx_word' id='word_1_221' title='bbox 540 3606 691 3659; x_wconf 87' lang='lat' dir='ltr'>latronum.</span> <span class='ocrx_word' id='word_1_222' title='bbox 738 3606 765 3671; x_wconf 79' lang='lat'>5)</span> <span class='ocrx_word' id='word_1_223' title='bbox 794 3604 868 3659; x_wconf 87' lang='lat' dir='ltr'>Iuda</span> <span class='ocrx_word' id='word_1_224' title='bbox 898 3606 1081 3675; x_wconf 88' lang='lat' dir='ltr'>consequitur</span> 
     </span>
     <span class='ocr_line' id='line_1_35' title="bbox 185 3675 1081 3815; baseline -0.003 -12"><span class='ocrx_word' id='word_1_225' title='bbox 185 3678 539 3815; x_wconf 50' lang='lat' dir='ltr'>bibisibibbi&#39;ubicffldeb</span> <span class='ocrx_word' id='word_1_226' title='bbox 552 3675 1081 3814; x_wconf 35' lang='lat' dir='ltr'>biagisdalibiitbbrbbsditiduabib&amp;</span> 
     </span>
    </p>
   </div>
   <div class='ocr_carea' id='block_1_7' title="bbox 0 0 1292 4225">
    <p class='ocr_par' dir='ltr' id='par_1_11' title="bbox 0 0 1292 4225">
     <span class='ocr_line' id='line_1_36' title="bbox 0 0 1292 4225; baseline 0 0"><span class='ocrx_word' id='word_1_227' title='bbox 0 0 1292 4225; x_wconf 95' lang='lat' dir='ltr'> </span> 
     </span>
    </p>
   </div>
  </div>
 </body>
</html>
