2575 4225
196 293 262 356 310
525 290 630 370 Caput
654 287 805 369 quintum

289 462 541 547 ²Hieronymus,
572 472 704 529 etcum
735 469 862 528 secutus
883 463 982 543 Lyra,
1013 481 1134 525 nomen

195 560 302 639 Mizpa
332 556 523 637 appellative
552 554 709 630 reddidit,
745 566 802 635 p'ro
830 552 973 633 specula,
1004 550 1039 613 in
1069 570 1134 632 qua

195 647 309 709 dicunt
331 646 520 708 constitutos
544 643 585 706 ab
613 643 723 725 impiis
753 642 882 722 regibus
912 640 1045 715 milites,
1077 639 1135 720 qui

194 736 266 817 pios
288 734 457 810 Israelitas,
482 733 605 796 cultum
627 733 663 795 in
678 731 852 795 Ierusalem
874 730 1057 805 retinentes,
1081 728 1133 791 ob-

195 829 358 887 servarent
390 829 423 886 et
449 822 656 885 retraherent.
704 821 792 883 Sicut
820 819 907 900 apud
937 838 995 881 nos
1019 816 1133 899 princi·

195 933 252 995 pes
276 919 308 976 et·
330 912 472 993 episcopi
499 910 565 975 suis
594 909 806 985 interdicunt,
839 928 880 971 ne
907 913 1031 971 nostras
1062 926 1133 969 con-

194 1003 303 1065 ciones
327 1001 476 1078 audiant,
508 1007 540 1064 et
562 1005 695 1063 utantur
718 998 887 1061 nobiscum
916 1016 1004 1061 sacro
1034 1014 1133 1059 sacra·

195 1097 314 1154 mento.

289 1174 370 1242 ²Sed
392 1179 499 1261 aptius
523 1184 587 1254 est,
617 1183 656 1241 ut
671 1176 894 1256 'intelligamus
916 1174 1026 1237 inhia
1055 1170 1132 1237 locis

195 1269 302 1350 Mizpa
326 1274 358 1331 et
380 1269 509 1331 Thabor
531 1266 706 1349 peculiares
730 1265 834 1328 cultus
857 1263 1022 1327 institutos
1045 1282 1065 1324 a
1087 1284 1133 1326 sa-

195 1350 378 1420 cerdotibus
401 1362 434 1419 et
455 1357 593 1436 regibus,
617 1361 655 1418 ut
669 1355 859 1418 retineretur
873 1353 1012 1435 populus
1028 1352 1146 1433 specie*

195 1447 260 1509 ista
287 1445 465 1525 religionis,
496 1451 529 1508 et
557 1444 704 1508 deveris
734 1443 873 1506 cultibus
903 1442 938 1503 in
960 1442 1134 1504 Ierusalem

195 1554 262 1597 non
285 1527 446 1613 cogitaret.
493 1534 587 1595 Hane
610 1534 698 1596 enim
721 1534 762 1595 ob
786 1551 917 1595 causam
940 1530 1027 1606 dicit,
1055 1530 1134 1593 haec

194 1623 265 1685 loca
287 1642 356 1684 esse
378 1622 459 1685 retia
480 1627 514 1685 et
534 1622 684 1703 laqueos,
713 1621 800 1701 quod
823 1619 1053 1683 insidiarentur
1082 1632 1138 1699 po·'

196 1712 274 1792 pulo
297 1712 389 1775 novis
413 1711 566 1788 cultibus,
590 1718 629 1774 ut
651 1732 688 1773 eo
711 1710 814 1773 maior
836 1710 981 1791 ipsorum
1003 1714 1135 1790 questus

196 1805 289 1863 esset.
336 1800 432 1864 Porro
454 1802 534 1863 haec
556 1800 728 1863 ministerii
744 1797 956 1881 prophanatio
972 1802 1021 1859 est
1036 1797 1136 1859 maxi*

195 1910 288 1951 mum
310 1895 492 1971 peccatum,
522 1909 600 1951 nam
622 1888 840 1951 ministerium
862 1888 898 1949 in
928 1886 1061 1964 eeclesia
1089 1886 1134 1947 in-

196 1979 347 2042 stitutum
370 1984 433 2055 est,
466 1978 507 2041 ad
530 1978 691 2042 docendos
715 1982 747 2040 et
773 1975 981 2058 explicandos
1010 1976 1135 2038 animos

196 2084 238 2130 ex
260 2067 417 2131 erroribus
440 2073 473 2131 et
494 2068 602 2150 pravis
625 2066 843 2150 opinionibus.
889 2065 934 2128 At
956 2064 1134 2128 sacerdotes

195 2156 294 2218 Israel
324 2175 362 2218 eo
392 2156 537 2220 studium
567 2177 663 2220 omne
694 2155 935 2230 convertebant,
967 2160 1005 2219 ut
1032 2154 1135 2234 magis

195 2243 399 2325 implicarent
421 2246 546 2308 animos
569 2245 605 2307 in
627 2244 819 2321 idolatriam,
844 2249 876 2307 et
897 2243 995 2305 falsas
1019 2242 1135 2306 dedeo

195 2333 373 2414 opiniones.
420 2334 514 2407 Quod
542 2339 652 2396 autem
679 2334 760 2396 haec
787 2348 862 2397 vera
893 2331 1052 2395 sententia
1083 2332 1134 2408 sit,

196 2423 295 2485 etiam
318 2423 486 2504 sequentia
507 2425 655 2506 probant.

240 2600 454 2664 Declinant
474 2602 565 2664 dum
585 2605 745 2664 tantum
760 2599 927 2665 student
942 2595 1134 2675 victimis,

239 2689 381 2766 itaque
404 2707 473 2768 ego
495 2689 707 2769 castigabo
731 2689 949 2752 universos,

220 2863 371 2929 uEbraeo
395 2869 444 2928 est
467 2884 515 2941 ,ve
543 2865 697 2928 sohaheta
724 2864 820 2928 setim
849 2863 1012 2927 heemiku‘
1043 2865 1078 2927 id
1109 2866 1138 2928 si

244 2953 286 3016 ad
308 2953 443 3019 verbum
465 2953 597 3031 reddas,
627 2953 673 3017 sio
697 2959 805 3017 sonat:
842 2954 1047 3017 Declinantes
1070 2974 1135 3015 ma·

196 3040 369 3106 ctationem
396 3043 683 3125 profundaverunt.
730 3042 896 3124 Significat
926 3048 1036 3105 autem
1070 3063 1136 3106 ver-

194 3132 275 3194 bum
309 3131 458 3211 ,heemik‘
493 3131 576 3194 ferre
613 3131 700 3213 quod
739 3151 798 3195 nos
836 3131 974 3195 dicimus
1012 3129 1137 3194 radices

197 3239 298 3299 agere,
323 3239 380 3282 seu
403 3220 534 3283 firmum
557 3241 594 3284 ac
615 3220 760 3284 validum
783 3239 851 3284 esse
875 3227 907 3284 et
921 3220 1005 3284 bene
1020 3220 1143 3282 fixum

196 3309 285 3372 Siout
307 3308 387 3390 psal.
412 3303 484 3372 92³
534 3308 748 3390 Cogitationes
772 3315 846 3372 tuae
868 3308 962 3374 valde
986 3309 1135 3385 ,Ameku‘

194 3587 223 3655 3)
242 3589 265 3640 P
285 3519 450 3642 lpggizpa!
486 3519 514 3586 2)
532 3519 628 3587 Mizpa
649 3523 679 3574 et
697 3519 811 3574 Thabor
836 3519 953 3587 propria
975 3519 1136 3573 nomina‘*¹

266 3605 317 3642 sa.
373 3630 379 3642 .

284 3765 310 3833 ·)
329 3767 417 3821 Deest
434 3766 466 3820 in
485 3767 547 3822 coll.
566 3768 626 3822 Ien.
669 3767 710 3835 ”l
727 3768 816 3823 Deest
834 3768 866 3824 in
884 3767 946 3823 coll.
966 3767 1026 3821 Ien.
