2575 4225
466 258 565 320 Ozeae
587 216 773 340 prodhetae.
1047 263 1089 326 65

149 438 260 496 tamen
276 439 335 496 ete.
363 434 422 496 Per
437 441 661 517 contemptum
675 442 708 498 et
722 436 934 515 ignominiose
950 439 1091 522 appellat

150 542 263 587 vaooes
287 524 337 585 vel
359 524 476 586 vitulos
498 522 584 606 imtge
605 522 681 604 hehe,
704 526 751 606 ad)
773 524 880 608 terget,
903 526 970 604 auti)
990 528 1091 593 moilen

151 610 206 676 mit
227 612 305 692 hom
328 608 393 691 [cita
416 611 494 692 quia
516 632 573 675 rex
595 634 662 675 non
677 619 785 694 potest
808 616 925 677 iuvare.
950 652 993 661 -
1017 618 1090 681 Edi·

149 700 208 776 tui‚
244 700 384 780 religiosi
417 702 562 777 suerunt,
598 703 764 779 monaehi,
800 705 857 784 qui
891 705 1090 770 ferventioris

149 796 183 851 et
205 788 408 853 restrictione
431 790 516 853 vitae
540 790 672 855 fuerunt
694 791 729 853 in
752 793 886 856 oolendo
909 800 967 856 eto.
1014 815 1091 876 prae

148 879 272 940 ceteris.
330 879 379 943 bet
420 878 564 958 sufibunbt
604 885 662 942 eto.
722 879 912 961 obictumst.
969 884 1027 963 qui
1060 884 1091 945 ei

146 967 298 1047 deputati
332 973 423 1031 erant
456 974 493 1030 ut
527 969 674 1031 eolerent.
733 970 805 1031 Non
842 970 995 1049 dignatur
1036 993 1090 1035 eos

147 1056 283 1117 nomine
329 1055 531 1133 sacerdotali,
583 1063 620 1119 ut
669 1078 728 1120 nos
773 1058 911 1121 dieimus
948 1058 1088 1142 bedain,

146 1143 321 1226 0000111000,
344 1143 482 1227 souma,
507 1144 699 1226 obiereaueet.
723 1180 767 1192 -

409 1304 576 1386 Siquidem
599 1311 631 1368 et
654 1305 723 1387 ipse
746 1302 825 1371 ete}

240 1412 329 1494 Ipse,
366 1412 487 1476 scilieet
515 1412 635 1474 vitulus
664 1412 839 1490 Samariae,
871 1415 995 1477 donum
1022 1417 1090 1496 regi

147 1500 260 1577 Garid‚
285 1501 410 1576 melius,
435 1500 469 1562 id
492 1507 553 1563 est:
578 1502 649 1583 ipse
671 1502 770 1565 etiam
793 1504 913 1566 vitulus
928 1505 1090 1567 auferetur

147 1584 186 1652 in
201 1590 368 1670 Assyriam
384 1588 469 1652 dono
484 1590 551 1669 regi
567 1588 666 1652 Garid
682 1597 740 1654 eto.
780 1592 972 1655 Timuerunt
986 1595 1089 1657 vaeois

148 1680 202 1741 vel
224 1679 334 1741 vitulis
358 1697 398 1741 ne
421 1679 457 1740 in
481 1679 646 1759 Assyriam
670 1679 862 1743 ducerentur
884 1688 943 1744 eto.

480 1888 485 1899 „
502 1838 656 1902 Confusio
679 1846 737 1903 ete.

240 1964 259 2005 a
282 1945 415 2007 oonsilio
438 1965 496 2008 suo
519 1966 592 2027 pro:
617 1946 654 2007 in
676 1947 841 2008 voluntate
856 1965 924 2008 sua.
971 1947 1088 2025 signifi·

147 2039 201 2096 eat
224 2052 263 2095 ea
285 2032 435 2114 dogmata
462 2040 493 2097 et
520 2034 685 2097 suasiones
714 2033 832 2114 quibus
861 2034 1027 2097 dedueunt
1054 2034 1090 2097 iu
1117 2095 1121 2101 .

148 2143 209 2186 sua
224 2124 367 2198 consilia,
384 2124 631 2199 confundentur,
653 2123 773 2186 seilicet
787 2128 960 2204 postquam
975 2124 1090 2188 viderit

147 2212 233 2274 nihil
255 2212 414 2293 profuisse
437 2233 496 2276 sua
518 2213 652 2276 oonsilia
674 2218 732 2274 etc.

486 2373 633 2436 Transire
658 2365 748 2449 eto.,²

149 2477 184 2539 id
200 2484 264 2541 est:
290 2479 400 2541 omnia
415 2479 599 2558 redigentur
618 2479 653 2540 in
675 2479 866 2541 vastitatem.
912 2499 971 2559 pro
994 2478 1089 2540 rebus

151 2567 286 2647 perditis
310 2573 342 2630 et
365 2568 500 2632 redeatis
523 2568 559 2629 in
582 2567 722 2629 nihilum
736 2573 873 2630 utuntur
887 2567 998 2630 hebrei
1013 2566 1090 2630 dam

151 2656 203 2716 vel
238 2655 335 2718 dama
369 2656 456 2737 quod
489 2657 543 2718 hie
577 2657 672 2719 vertit
699 2656 834 2718 transire
865 2656 949 2719 fecit.
996 2654 1091 2718 Siluit

150 2743 314 2806 Samariae
337 2765 394 2808 rex
417 2765 493 2809 suus
517 2749 575 2807 eto.
622 2745 668 2807 sie
695 2745 825 2821 melius,
856 2745 907 2808 vel
937 2745 1091 2808 oontiouit

152 2833 203 2894 vel
226 2831 374 2896 redactus
397 2835 503 2898 estin
526 2833 675 2909 nihilum,
700 2839 758 2896 ete.
805 2838 931 2896 utnon
954 2834 1090 2896 sentitur

150 2921 207 2982 hio
230 2921 340 2985 fuisse.
386 2924 474 2985 Nihil
500 2923 601 2984 levius
631 2923 737 2984 vesica
759 2941 871 3003 aquae.
917 2923 1007 2984 bulla
1029 2927 1087 2985 eto.

150 3007 185 3081 st
207 3008 272 3075 bule
295 3011 396 3077 tremi
420 3009 557 3094 quidibet
579 3011 644 3076 emb
668 3008 830 3076 &amorim
852 3010 936 3072 sicut
957 3010 1046 3072 bulla

423 3189 519 3252 super
541 3169 658 3232 faeiem
681 3162 812 3248 aquae.³

242 3278 287 3339 sie
310 3277 434 3340 melius.

276 3529 277 3532 Ἴ
448 3523 453 3528 Ι
504 3437 734 3500 Vastabuntur.

176 3541 204 3603 el
226 3541 426 3608 delebuntur.

192 3673 368 3685 -—·---..

244 3732 360 3801 1)v'.6.
398 3735 425 3803 2)
444 3753 469 3790 v.
490 3735 513 3788 7.
551 3735 579 3802 3)
598 3752 624 3790 v.
644 3735 669 3787 8.
712 3753 715 3765 ¹

195 3831 283 3872 Lethen
296 3841 345 3882 opp.
359 3836 443 3882 exeget.
470 3833 519 3874 Vol.
533 3833 609 3874 xx1v.
680 3862 683 3869 ·
915 3823 932 3876 5
