2575 4225
172 207 237 272 152
522 205 635 270 Versio
657 205 759 270 latina

169 391 203 449 et
242 405 310 448 non
350 382 531 460 invenient,
577 381 736 446 subduxit
775 382 863 444 enim
903 401 937 445 se
979 384 1021 446 ab
1056 385 1113 448 eis.

169 475 366 556 spreverunt
388 472 568 550 dominum,
592 472 670 552 quia
685 471 768 535 filios
784 471 905 536 ahenos
921 479 1113 552 genuerunt.

169 564 264 626 Nunc
287 567 397 625 autem
419 561 586 627 devorabit
608 579 662 624 ecs
685 561 816 638 mensis,
841 581 908 623 una
931 581 1006 624 cum
1029 563 1114 642 agris

170 653 328 804 ipsprurln(3
350 651 502 803 cippgiltps
511 671 611 752 comu
632 651 669 752 in
692 651 835 802 (giblpa,A
839 655 872 712 et
895 650 974 715 tuba
996 651 1114 804 ingia-

328 759 383 802 an1
438 759 455 802 c
504 745 752 803 srcummet
835 759 906 816 ven,
980 744 1010 802 st
1094 761 1115 803 o

170 829 357 905 Beniamin,
393 829 587 910 Ephraim
578 849 614 891 m
642 826 876 893 desolationem
899 759 1004 892 erit0
994 829 1030 890 in
1060 829 1114 893 die

171 916 1116 1087 mittun&iussistiiussurus

171 1097 336 1172 terminos,
360 1096 435 1160 ideo
454 1096 625 1159 effundam
649 1114 745 1178 super
768 1115 822 1158 eos
838 1095 980 1158 furorem
1002 1116 1116 1174 meum

172 1186 255 1248 sicut
277 1204 406 1264 aquam.
838 1209 842 1218 ι

262 1274 419 1366 Ephraim
441 1272 509 1336 vim
524 1273 654 1353 patitur,
680 1271 851 1338 etiudicio
867 1274 1050 1350 conteritur,
1076 1294 1116 1337 co

173 1361 260 1442 quod
288 1351 416 1425 secutus
444 1367 493 1424 est
521 1362 723 1424 mandatum.
781 1355 869 1440 3Εςιι
898 1362 985 1424 enim
1020 1363 1118 1441 quasi

172 1451 261 1512 tinea
283 1470 356 1514 sum
379 1450 551 1531 Ephraim,
579 1456 613 1513 et
635 1451 728 1531 quasi
758 1450 858 1514 caries
886 1449 999 1512 domui
1020 1451 1114 1514 Iuda

173 1539 266 1602 Vidit
288 1539 444 1621 Ephraim
466 1537 688 1602 infirmitatem
712 1558 813 1616 suam,
838 1545 871 1602 et
857 1539 974 1602 tIuda
996 1541 1118 1604 vulnus

174 1647 271 1692 suum
293 1634 326 1691 ct
348 1626 428 1691 abiit
450 1628 607 1709 Ephraim
630 1626 672 1689 ad
695 1628 877 1708 Assyrium,
906 1634 939 1692 ct
960 1627 1050 1692 misit
1075 1629 1118 1692 ad

174 1736 282 1798 regem
304 1717 405 1780 iareb
455 1711 538 1779 4Sed
560 1716 613 1778 illc
636 1736 704 1779 non
730 1718 838 1798 potuit
867 1716 990 1779 mederi
1012 1717 1117 1794 vobis,

174 1826 234 1869 nec
256 1819 368 1868 sanare
390 1805 508 1870 vuinus
531 1811 683 1868 vestrum.
731 1807 814 1880 Quia
844 1826 902 1886 ego
931 1825 1004 1868 sum
1027 1807 1123 1870 velut·

173 1895 224 1958 leo
247 1895 412 1977 Ephraim,
437 1899 470 1958 ct
491 1895 580 1960 velut
602 1895 727 1958 catulus
755 1894 857 1976 leonis
885 1893 998 1956 domui
1021 1895 1116 1957 Iuda.

175 1985 243 2064 Ego
267 2004 324 2064 ego
347 1984 437 2065 rapio
461 1988 493 2046 et
514 1983 607 2060 vado,
631 1983 708 2046 tollo
731 1989 763 2046 et
785 2003 881 2060 nemo
896 1983 1008 2065 cripit.

616 2232 672 2293 vr.
701 2316 704 2321 1

179 2350 193 2388 ⁵
241 2355 362 2432 Adam,
392 2361 530 2420 revertar
560 2355 602 2417 ad
629 2356 737 2418 locum
760 2376 886 2435 meum,
911 2356 1013 2419 donec
1037 2357 1128 2436 abir,

264 2445 352 2508 ciant
365 2450 544 2526 peccatum,
569 2451 602 2508 et
616 2451 773 2525 quaerant
787 2445 904 2523 faciem
919 2465 1035 2507 meam.
1075 2447 1119 2509 Ιιι

175 2534 381 2597 tribulatione
415 2555 474 2597 sua
507 2534 729 2597 accelerabunt
763 2533 804 2596 ad
837 2534 1124 2614 menedinna)

176 2622 281 2685 venite
306 2628 338 2686 ct
360 2630 555 2685 revertamur
579 2623 620 2686 ad
643 2622 829 2698 dominum,
862 2622 1017 2705 quoniam
1044 2624 1119 2705 ipsc

175 2710 327 2773 laceravit
348 2730 416 2786 nos,
441 2716 474 2773 ct
496 2712 623 2775 sanabit
651 2731 719 2786 nos,
748 2705 924 2793 ⁶'percussit
950 2718 983 2774 et
1009 2713 1118 2775 mede·

175 2798 263 2862 bitur
285 2798 389 2876 nobis,
413 2799 592 2863 vivificabit
620 2820 679 2863 nos
709 2806 783 2881 post
811 2799 965 2877 biduum,
997 2800 1033 2862 in
1062 2800 1119 2863 die

174 2887 269 2953 tertio
292 2889 389 2952 faciet
411 2909 470 2951 nos
493 2908 634 2968 surgere,
666 2894 698 2951 ct
720 2889 865 2955 vivemus
895 2896 972 2952 ante.
999 2889 1119 2951 faciem

175 2978 253 3041 eius.
300 2979 343 3041 Et
364 2978 503 3041 sciemus
526 2983 558 3041 et
580 2978 806 3041 incumbemus
828 2978 864 3040 in
878 2977 922 3055 id,
947 2983 984 3040 ut
1000 2998 1116 3057 cogno-

175 3086 303 3129 scamus
326 3065 505 3129 dominum.

265 3328 292 3397 1)
321 3328 467 3396 Significat
493 3329 645 3397 Assyrium
670 3344 719 3383 ecs
746 3344 959 3397 oppressurum.
997 3328 1024 3396 2)
1043 3329 1121 3384 Inda

175 3416 289 3469 quoquc
307 3400 344 3454 ab
362 3400 483 3469 Assyrio
500 3404 617 3467 propter
634 3403 751 3467 peccata
770 3400 894 3453 afflictus
913 3400 964 3454 sed
985 3416 1045 3460 ιιοιι
1070 3417 1121 3468 ps·

175 3473 256 3525 nitus
267 3475 398 3526 vastatus
417 3475 468 3526 cst.
505 3468 534 3540 3)
553 3472 652 3539 Lenta,
672 3470 724 3524 sed
742 3474 819 3525 certa
845 3475 875 3525 st
897 3470 993 3537 gravis
1014 3486 1120 3538 poena.

175 3541 204 3609 4)
223 3542 341 3597 mustra
363 3546 506 3611 quaerunt
532 3542 661 3595 humana
690 3542 849 3612 praesidia,
884 3558 950 3597 cum
972 3542 1045 3595 deus
1067 3542 1122 3597 im·

176 3613 267 3665 mittit
289 3630 405 3680 poenas.
442 3613 470 3682 5)
489 3612 645 3681 Prophetis
670 3612 706 3665 de
732 3613 838 3667 Israsle
861 3629 914 3681 per
936 3613 1122 3679 evangelium

175 3683 333 3737 liberando.
371 3684 397 3752 6)
416 3685 572 3739 Promissio
590 3684 807 3739 resurrectionis
826 3688 856 3739 et
874 3684 951 3739 vitae
972 3688 1120 3741 aeternae.
