2575 4225
435 270 562 332 Hoseae
586 271 769 351 prophetae.
1007 270 1071 333 283

222 447 305 509 Vere
329 447 439 527 igitur,
470 448 555 511 sicut
576 448 735 529 propheta
757 448 810 510 hic
840 448 1000 527 eleganter
1028 449 1070 510 lo·

130 536 243 616 quitur
261 536 401 611 ,Damim
416 536 456 598 be
472 536 596 599 damim
612 538 727 617 nagau‘
745 537 918 617 sanguines
934 542 1072 617 tangunt

129 624 320 704 sanguines,
349 625 412 687 hoc
433 630 497 702 est,
528 631 659 707 peccata
687 626 893 689 cumulantur
922 625 1070 706 peccatis,

130 719 165 775 et
187 732 292 777 unum
313 719 483 795 peccatum
505 714 608 777 trudit
629 715 728 777 aliud.
774 714 857 777 Nota
873 715 960 776 enim
979 716 1070 796 phra-

130 802 177 864 sis
204 809 253 865 est
281 822 324 865 ex
350 803 476 885 psalma
499 798 570 865 51.¹
598 804 686 883 quod
715 802 888 882 sanguines
918 810 1072 866 vocantur

132 911 199 953 uon
222 897 351 955 tantum
374 891 496 968 caedes,
520 891 637 954 sedin
660 912 774 972 genere
797 892 908 953 omnia
930 898 1069 973 peccata,

132 985 236 1043 morte
269 980 378 1060 digna.
431 981 626 1060 Quanquam
658 981 714 1044 hic
750 981 909 1061 propheta
945 980 1073 1044 videtur

132 1070 260 1150 proprie
283 1070 439 1150 respicere
462 1070 504 1132 ad
526 1070 679 1149 indignas
702 1076 885 1132 sanctorum
904 1069 1071 1150 propheta-

14 1211 15 1215 ,
132 1176 206 1219 rum
229 1158 351 1234 caedes,
376 1164 409 1221 et
425 1160 680 1239 persecutionem
696 1159 731 1220 in
746 1158 887 1220 ecclesia.
926 1157 990 1219 Sed
1005 1164 1072 1219 tam

14 1269 18 1285 ⁵
131 1253 300 1328 corruptos
328 1267 434 1310 mores
462 1267 545 1327 quae
573 1247 706 1311 tandem
733 1251 885 1327 sequetur
918 1246 1072 1309 fortuna?

175 1425 400 1505 Propterea
421 1426 585 1505 lugebit
606 1431 724 1501 terra,
749 1430 787 1487 et
804 1424 1074 1487 excindentur

174 1534 309 1576 omnes
336 1515 590 1577 habitatores
619 1516 724 1590 eius,
756 1533 835 1576 una
862 1533 949 1576 cum
976 1513 1072 1575 feris

174 1602 444 1666 silvestribus
478 1609 515 1666 et
547 1604 780 1668 volucribus
819 1603 932 1678 coeli,
972 1602 1073 1681 quin

175 1697 216 1753 et
239 1692 365 1771 pisces
388 1692 510 1754 maris
534 1692 742 1756 deficient.

181 1868 329 1950 orribilis,
343 1869 423 1931 haec
446 1870 557 1934 concio
585 1875 649 1946 est,
681 1870 738 1933 sed
769 1869 863 1932 docet
891 1888 950 1931 nos
979 1888 1071 1949 expe·

205 1958 323 2021 rientia
344 1959 406 2021 hoc
428 1960 527 2022 modo
549 1959 686 2039 passari
708 1964 913 2040 peccatorum
941 1977 1070 2038 poenas.

220 2047 306 2111 Nota
327 2052 377 2109 est
398 2048 501 2128 figura
522 2049 558 2109 in
578 2048 676 2112 verbo
693 2047 785 2125 ,abal‘
802 2046 937 2129 planxit.
985 2045 1077 2125 Siout,

15 2168 16 2189 κ
132 2137 223 2198 enim
246 2142 318 2198 tum
341 2137 459 2200 dicitur
481 2138 583 2218 fidere
607 2157 691 2216 ager,
716 2157 791 2202 cum
814 2137 924 2201 omnia
946 2137 1070 2218 florent,

131 2226 177 2288 ita
201 2227 358 2289 contrario
380 2226 478 2289 modo
492 2228 599 2306 lugere
616 2226 743 2302 dicitur,
769 2246 842 2288 cum
859 2225 1072 2288 incommodis

131 2315 379 2395 tempestatibus
403 2316 600 2379 deformatus
631 2315 808 2379 sterilescit.
853 2316 925 2376 Hoc
955 2315 1072 2376 incom-

16 2460 17 2487 ξ
129 2404 269 2466 modum
291 2405 435 2484 sequitur
458 2405 556 2479 aliud,
581 2411 618 2467 ut
640 2409 792 2467 externus
815 2404 917 2466 hostis
934 2402 1071 2481 ingruat,

130 2499 164 2555 et
178 2492 316 2574 dissipet
331 2493 450 2555 omnia.
475 2494 560 2554 Nam
574 2493 609 2555 id
621 2491 781 2572 significat
795 2492 929 2554 verbum
943 2490 1071 2570 ,ymlal‘.
1097 2558 1100 2564 ,

222 2581 318 2654 Quod
341 2581 382 2643 de
403 2581 507 2645 bestia
529 2582 598 2661 agri
620 2587 653 2643 et
675 2580 857 2644 volucribus
881 2580 960 2644 coeli
984 2578 1072 2653 dicit,

16 2713 18 2747 Ξ
131 2671 269 2750 quidam
298 2677 466 2751 exponunt
502 2691 561 2750 per
587 2671 794 2751 hypallagen,
838 2668 925 2749 quod
954 2667 1075 2731 scilicet

17 2811 18 2827 1
132 2759 195 2842 ipsi
225 2759 374 2822 homines
405 2760 604 2835 auferentur,
640 2761 697 2839 qui
724 2759 906 2823 volucribus
937 2756 1017 2819 coeli
1044 2764 1075 2818 et

17 2864 18 2890 ³
133 2848 244 2912 bestiis
269 2849 344 2928 agri>
357 2848 506 2911 solebant
527 2848 600 2910 frui.
648 2848 710 2910 Sed
733 2848 817 2909 nihil
839 2866 920 2927 opus
943 2851 993 2907 est
1014 2845 1074 2906 hac

132 2936 405 3018 interpretatione.
452 2937 610 2999 Videmus
634 2936 721 2997 enim
744 2936 790 2998 ita
813 2935 969 3007 accidere,
1000 2952 1075 2994 curn

18 3072 19 3085 ,
134 3024 180 3088 ira
202 3026 329 3089 domini
351 3025 449 3101 venit,
473 3031 511 3089 ut
533 3025 680 3088 omnium
703 3043 810 3085 rerum
827 3041 955 3084 summa
977 3040 1073 3100 penu-

18 3110 19 3151 ἶ
132 3114 180 3176 ria
202 3122 235 3178 et
259 3115 373 3177 caritas
396 3115 525 3177 oriatur.
571 3115 653 3175 Nam
681 3113 778 3175 hodie
801 3131 868 3174 non
891 3116 940 3172 est
962 3109 1075 3172 eadem

18 3232 20 3277 ς
132 3203 273 3282 piscium
297 3210 329 3266 et
344 3205 510 3267 volucrum
533 3203 634 3283 copia,
660 3221 741 3281 quae
765 3205 961 3263 memoratur
984 3217 1073 3278 supe·

131 3292 271 3355 rioribus
305 3293 399 3355 annis
429 3293 538 3354 fuisse.
592 3293 681 3353 Haec
714 3291 741 3352 si
772 3291 844 3370 quis
872 3293 1075 3370 peccatorum

157 3401 253 3443 oenas
282 3401 352 3444 esse
378 3380 472 3456 dicit,
508 3380 651 3460 profecto
679 3400 745 3442 non
771 3379 908 3441 falletur.
962 3376 1075 3454 Itaque

153 3469 270 3536 ³benter
299 3469 340 3532 ad
369 3470 456 3532 hunc
483 3469 618 3530 modum
652 3474 855 3549 praesentem
882 3466 989 3528 locum
1024 3484 1075 3524 ex-

69 3589 75 3598 ·
159 3578 233 3635 ono,
266 3564 304 3621 ut
331 3558 490 3639 significet
523 3558 672 3620 omnium
705 3577 812 3620 rerum
846 3555 1015 3636 penuriam
1045 3560 1076 3614 et

227 3751 254 3819 1)
273 3752 348 3805 Psal.
361 3750 411 3820 gbl.
