2575 4225
441 293 567 358 Horeae
588 294 775 377 prophetae.
1015 296 1080 363 339

18 501 21 548 ¹,
141 470 324 535 ostendunt.
372 471 487 535 Territi
509 478 619 536 autern
641 473 689 536 ira
716 473 784 550 dei,
813 492 880 537 non
910 475 1014 538 colum
1043 476 1081 540 ti·

142 566 232 624 ment
253 560 361 637 deum,
386 567 419 625 et
440 581 460 622 a
480 561 621 643 peccatis
642 569 766 640 cavent,
791 562 847 625 sed
866 562 964 627 etiam
980 562 1020 627 de
1034 584 1080 627 re·

141 648 249 714 medio
281 656 485 730 peecatorum
520 651 792 733 circumspiciunt.
838 652 946 725 Quare
978 654 1079 719 neuti-

141 757 239 818 quam
260 739 389 801 tolerari
411 738 548 815 debent,
577 740 635 821 qui
657 746 775 822 putant
796 740 878 819 legis
900 741 1080 805 doctrinam

141 847 181 889 ex
203 827 368 891 excelesiie
390 827 591 904 eiiciendam,
613 829 678 891 hac
696 828 789 891 'enim
811 827 944 893 dolabra
966 830 1007 893 ad
1030 850 1081 893 ru«

141 916 196 979 dea
219 921 253 979 et
273 916 413 979 nodosos
436 917 562 998 stipites
584 936 667 998 opus
690 924 747 981 eet
771 940 795 977 ,,·
849 936 852 940 ·

233 998 361 1067 ¹Altera
382 1004 548 1069 doctrinae
564 1011 646 1087 'pars
668 1012 730 1083 eet,
754 1007 889 1070 verbum
912 1010 1079 1089 evangelii,

141 1112 204 1172 quo
226 1093 337 1156 territa
358 1094 455 1157 corda
476 1094 594 1157 iterum
616 1094 792 1175 eriguntur.
830 1097 979 1159 Audiunt
993 1098 1081 1159 enim

140 1181 228 1261 quod
260 1182 343 1245 deus
374 1189 556 1263 peccatores
582 1204 656 1246 non
693 1184 771 1248 velit
806 1184 952 1248 abiicere.
1005 1185 1082 1249 Odit

141 1270 274 1350 quidem
307 1277 476 1352 peecatum
514 1271 594 1335 deus
631 1278 665 1335 et
701 1272 844 1336 minatur
881 1274 911 1335 ei
947 1292 1079 1355 poenae

18 1356 19 1382 ¹
141 1358 203 1421 Sed
240 1365 422 1441 peccatores
458 1380 527 1423 non
561 1360 637 1423 ideo
674 1362 746 1425 vult
780 1362 936 1442 perditos,
979 1360 1082 1427 mittit

141 1449 229 1512 enim
252 1448 294 1511 nd
319 1450 381 1513 hoa
408 1448 615 1513 redimendos
643 1449 809 1513 victimam
839 1450 944 1513 filium
974 1471 1080 1528 suum,

140 1539 198 1618 qui
219 1544 280 1620 pro
307 1540 448 1620 peccatis
478 1558 538 1602 ana
565 1544 678 1603 morte
698 1538 884 1603 satisfaciat.
929 1541 1001 1603 Hao
1029 1561 1080 1605 vo·

18 1628 21 1676 3¹
139 1628 264 1691 lentate
286 1627 341 1689 dei
363 1627 492 1707 cogffita
512 1628 549 1689 in
571 1627 708 1704 Christe,
733 1628 900 1708 eriguntur
914 1626 1025 1706 aninii,
1049 1636 1083 1693 et

18 1763 19 1794 p
140 1736 258 1781 novam
286 1717 393 1779 lucem
426 1716 623 1797 concipiunt.
669 1717 742 1779 Non
777 1718 917 1798 amplius
951 1724 1079 1798 pavent,

18 1798 24 1849 Γ
100 1858 102 1861 ,
139 1826 207 1869 non
232 1805 364 1885 fugiunt
391 1805 506 1882 deum,
537 1804 596 1868 sed
621 1824 679 1887 per
701 1805 872 1869 *Christum
902 1806 990 1887 pieni
1024 1826 1081 1887 spe

140 1893 333 1974 confugiunt
354 1894 396 1955 ad
419 1894 489 1957 eius
512 1894 663 1974 gratiam,
692 1894 770 1973 quia
793 1914 825 1957 se
849 1894 895 1956 eie
917 1894 1029 1957 vident
1051 1895 1081 1956 ei

140 2003 234 2049 curae
257 2002 336 2060 esee,
360 1983 486 2047 ut-fflio
510 2002 568 2045 suo
590 1982 759 2063 unigenito
781 2002 848 2045 non
870 1977 1076 2064 pepercerit.²

139 2072 243 2153 Igitur
265 2077 431 2155 comparat
452 2072 611 2153 propheta
634 2070 836 2152 evangelium
864 2070 924 2136 soli
953 2071 1078 2148 orienti,

140 2169 172 2228 et
192 2161 318 2234 lumine
341 2183 400 2225 suo
423 2160 518 2242 quasi
539 2160 642 2224 vitam
665 2161 811 2224 afferenti
833 2161 970 2237 mundo,
995 2168 1079 2225 tene·

139 2251 206 2314 brie
229 2251 333 2315 noetis
355 2251 510 2315 involuto¹
1044 2247 1046 2252 ’

18 2388 20 2413 ᾖ
219 2337 334 2404 -Vocat
355 2346 464 2403 autem
486 2338 641 2421 peculiari
656 2334 820 2415 vocabulo,
845 2333 980 2415 iudicia,¹
999 2338 1081 2402 sieut

18 2468 20 2512 ᾖ
141 2428 287 2493 Christus
314 2421 442 2510 quoque
464 2423 676 2491 Iohan.'16.*
703 2427 800 2503 dicit,
832 2427 983 2510 spiritum
1010 2447 1079 2490 ean·

86 2513 99 2532 ‘
140 2519 230 2582 ctum
265 2518 465 2599 arguiturum
498 2515 669 2594 mundum.
724 2515 851 2578 Debent
883 2515 982 2596 igitur
1017 2515 1081 2578 hae

140 2607 224 2670 duae
247 2606 410 2671 decaniae
432 2607 516 2669 inter
538 2625 572 2668 oe
588 2604 731 2669 diversae
747 2610 902 2686 perpetuo
918 2604 1081 2684 coniungi,

139 2703 176 2760 ut
206 2696 349 2776 primum
380 2695 566 2759 occidantur
594 2694 697 2756 animi
726 2691 963 2775 praedicatione
990 2693 1080 2773 legis,

140 2784 258 2850 deinde
279 2784 403 2847 lumine
426 2783 583 2862 evangelii
605 2782 724 2845 iterum
741 2778 950 2846 ¹vivificentur.
997 2783 1082 2844 Nam

18 2908 20 2931 t
140 2873 185 2937 ita
208 2873 342 2936 demum
365 2878 450 2936 recte
472 2877 696 2953 amputantur,
727 2865 819 2951 quae
832 2871 867 2932 in
890 2870 984 2946 nobie
1007 2871 1080 2944 vici·

140 2983 196 3025 oea
220 2968 307 3038 sunt,
329 2968 373 3043 et
385 2980 609 3041 regeneramur
630 2958 807 3023 innovant
830 2963 863 3021 et
879 2957 1081 3038 spiritualem

139 3051 251 3115 vitam.
302 3044 377 3115 Per
395 3050 529 3116 verbum
563 3049 652 3111 enim
685 3047 765 3127 legia
799 3045 956 3110 occiditur
974 3051 1081 3124 vvetus

139 3140 248 3218 homo,
273 3139 434 3203 excutitur
453 3138 615 3214 securitae,
640 3142 672 3200 et
687 3136 838 3202 inseritur
854 3133 970 3198 animis
986 3135 1083 3198 timor

141 3228 203 3291 dei.
250 3229 310 3291 Per
333 3228 535 3307 evangelium
557 3231 667 3289 autem
688 3224 832 3289 nascitur
854 3242 957 3288 novus
972 3223 1082 3287 home.

140 3317 224 3380 Nam
255 3318 391 3398 spiritus·
416 3312 536 3398 per-'id
566 3314 714 3380 accendit
741 3320 774 3377 et
800 3313 949 3394 purificat
975 3309 1080 3375 eorda.

230 3407 307 3468 Dixi
329 3405 443 3486 igitur,
472 3403 660 3480 ministerii,
692 3402 779 3484 quod
802 3402 837 3463 in
860 3401 992 3464 ecelesia
1022 3406 1081 3476 eet,
1161 3425 1164 3429 ·

177 3549 356 3558 -—--—-

231 3619 259 3685 1)
277 3616 415 3670 Doctrina
433 3613 581 3682 evangelii.
618 3612 647 3682 2)
667 3613 747 3666 Rom.
768 3611 792 3664 8.

1002 3715 1084 3728 ..υ-,αι

230 3777 256 3845 ·)
277 3778 313 3829 In
332 3793 419 3842 marg.
439 3777 501 3830 coll.
520 3777 593 3828 Ion:
612 3775 713 3828 Iohan.
734 3773 775 3825 16.

865 3859 920 3913 22·
