2575 4225
217 268 285 332 304
552 264 657 347 Caput
680 271 832 349 quartum

219 445 279 528 qui
300 444 428 509 deserta
449 444 614 509 vocatione
637 442 775 507 discedit
798 443 934 507 erebus
958 442 1039 519 suis,
1069 450 1102 507 et
1130 464 1165 509 se
1273 516 1278 527 q

218 534 384 598 concludit
404 534 441 597 in
462 532 709 609 monasterium,
741 532 919 597 nonenim
949 532 1047 597 habet
1074 552 1165 596 man·

220 623 344 699 datum,
368 627 407 686 ut
428 621 464 686 id
486 623 593 686 faciat.
645 616 843 685 ¹Retinenda
865 621 964 701 igitur
979 621 1089 701 regula
1105 627 1164 699 est,

219 731 335 775 omnes
357 712 462 775 cultus
486 731 555 775 esse
577 710 712 793 impios,
742 711 800 790 qui
830 710 899 773 sinc
928 710 1082 774 mandato
1111 710 1167 773 dei
1276 764 1278 801 i

219 800 459 882 suscipiuntur,
495 800 556 863 etsi
579 799 701 863 similes
730 800 835 863 cultus
863 800 899 861 in
921 798 1077 880 patribus,
1106 800 1168 879 qui
1277 802 1278 881 ζ

222 889 415 953 mandatum
436 890 629 965 habuerunt,
653 887 777 953 laudati
800 893 885 953 sunt.
1277 920 1278 923 ¹

316 972 430 1053 ²Qu0d
453 979 495 1042 de
517 980 697 1043 iuramento
721 976 821 1056 addit,
846 977 938 1041 facile
961 976 1099 1057 intelligi
1126 997 1169 1039 ex
1277 976 1278 1051 ζ

220 1068 442 1149 ⁸¹¹P0fi011b118
476 1073 592 1149 potest.
637 1066 711 1129 Non
745 1066 835 1129 enim
869 1065 1071 1147 prohibitum
1109 1066 1169 1129 sed
1277 1078 1278 1121 t

221 1157 416 1221 mandatum
439 1163 487 1219 est
509 1157 628 1219 imaro:
668 1156 760 1219 Vivit
788 1150 992 1232 dominus,**
1013 1154 1107 1217 Deut,
1136 1158 1167 1219 6,
1277 1152 1278 1197 3

224 1246 366 1309 Pertinet
388 1246 477 1309 enim
501 1246 543 1307 ad
566 1245 700 1325 gloriam
723 1244 785 1321 dei,
810 1246 940 1325 allegari
954 1264 1029 1307 eum
1049 1250 1169 1307 testem

224 1334 377 1410 veritatis,
401 1339 434 1397 et
456 1335 583 1409 sentire,
607 1332 696 1413 quod
718 1334 869 1417 inspiciat
891 1332 1023 1413 negocia
1046 1339 1167 1410 nostra,
1277 1330 1278 1335 ’

220 1423 308 1485 etsi
330 1422 410 1502 quid
433 1428 544 1486 contra
566 1422 798 1486 conscientiam
825 1422 995 1498 admittas,
1026 1421 1168 1485 vindica·

225 1517 316 1574 uuus
339 1512 390 1574 sit.
436 1512 550 1590 Itaque
577 1511 682 1576 iurare
711 1531 769 1592 per
799 1532 841 1581 se.-
860 1512 983 1575 malum
1013 1530 1079 1573 non
1107 1518 1167 1575 est.
1268 1501 1278 1599 '1

217 1597 289 1661 ,Sed
311 1600 473 1663 israelitae
496 1600 631 1679 gloriam
653 1601 738 1663 hano
761 1601 947 1666 tribuebant
969 1598 1063 1665 idolis
1088 1601 1166 1663 suis.
1276 1608 1278 1675 l

224 1688 453 1769 intelligebant
474 1689 564 1753 enim
590 1689 702 1766 deum,
735 1710 834 1770 quem
863 1690 927 1771 ipsi
956 1688 1106 1753 colebant
1132 1690 1169 1751 in
1276 1686 1278 1753 Ϊ

225 1777 312 1854 Dan,
344 1778 466 1858 Gilgal,
496 1779 610 1841 Bethel
632 1784 665 1843 et
688 1779 759 1843 aliis
782 1778 877 1855 loeis,
907 1778 966 1843 ubi
992 1777 1071 1840 deus
1100 1798 1169 1841 non
1276 1790 1278 1843 i

224 1872 350 1947 poterat
372 1868 443 1943 coli,
468 1867 630 1947 siquidem
653 1867 753 1929 alium
776 1867 877 1931 cultui
899 1868 1007 1930 locum
1022 1865 1168 1945 designa·
1276 1882 1278 1919 z

91 1997 97 2008 s
223 1962 284 2019 rat.
329 1956 432 2036 Igitur
460 1956 610 2037 prohibet
643 1956 801 2037 propheta
834 1955 876 2019 ad
909 1956 998 2020 huno
1031 1954 1168 2019 modum

225 2044 347 2196 {margi
366 2045 528 2197 ltirsibuitur
550 2046 638 2109 enim
661 2045 777 2126 gloria,
802 2065 885 2127 quae
908 2043 967 2107 uni
989 2044 1049 2107 deo
1073 2044 1167 2107 debe·

240 2154 288 2209 ur,
311 2155 366 2197 ro
409 2184 416 2197 .
718 2143 722 2153 ‘
1276 2141 1277 2144 ’

270 2293 374 2368 Quia
401 2293 507 2358 enim
536 2295 645 2358 sicut
679 2294 847 2358 rebellis
882 2293 1002 2377 vacca
1034 2294 1169 2357 Israel

269 2383 504 2460 rebellavit,
535 2383 626 2446 ideo
649 2388 746 2446 tunc
770 2388 910 2464 pascet
933 2403 1022 2446 eum
1044 2382 1167 2446 domi-

269 2492 343 2535 nus
367 2473 474 2536 sicut
496 2472 706 2553 agnumein
729 2478 848 2538 vasto
870 2472 963 2535 loco.

223 2645 385 2756 Pertinet
413 2650 493 2712 haec
515 2670 644 2730 quoque
665 2651 827 2734 particula
838 2649 880 2713 ad
896 2649 1164 2728 exhortationem,

284 2742 322 2800 ut
343 2757 481 2816 regnum
502 2738 585 2802 Iuda
606 2740 729 2805 moveri
751 2759 784 2803 sc
811 2739 898 2803 sinat
924 2739 1050 2822 poenis,
1082 2755 1167 2820 quae

219 2824 374 2893 ,idolatras
398 2832 580 2907 sequentur.
628 2829 741 2905 ,Parah
765 2829 901 2912 sererahf
922 2827 1081 2909 significat
1096 2847 1166 2893 vao-

222 2934 296 2978 cam
318 2915 544 2998 impatientem
566 2917 635 2997 iugi
658 2922 690 2980 et
704 2917 907 2994 indomitam,
932 2936 1014 2997 quae
1030 2918 1168 2982 coerceri

224 3005 347 3086 nequit.
392 3005 479 3068 Huic
509 3010 677 3088 comparat
706 3007 882 3084 Israeliten,
918 3027 996 3068 nam
1029 3006 1168 3072 verbum

153 3158 157 3162 .
219 3094 276 3158 ,dei
299 3100 347 3158 est
369 3093 451 3156 illud
473 3094 648 3171 vinculum,
673 3115 737 3175 quo
761 3115 819 3158 nos
842 3095 986 3174 alligavit
1008 3094 1098 3170 deus,
1122 3115 1166 3158 ne

221 3183 441 3250 exorbitemus
463 3203 483 3244 a
504 3204 592 3259 vero,
622 3189 654 3246 et
676 3183 900 3264 indulgeamus
930 3183 1166 3265 cupiditatibus

222 3271 336 3355 carnis.
390 3271 463 3334 Hoc
500 3272 674 3350 vinculum,
714 3272 837 3352 inquit,
877 3273 975 3335 Israel
1013 3273 1165 3336 excussit.

313 3446 339 3514 1)
360 3445 463 3501 Cultus
481 3445 564 3514 impii
582 3445 656 3513 qui*
693 3445 720 3514 2)
734 3447 832 3500 Iurare
845 3461 904 3500 non
916 3439 1027 3500 licitum
1039 3450 1133 3500 tantur

220 3517 274 3571 sed
293 3518 381 3571 etiam
398 3517 576 3571 mandatum.

224 3677 399 3801 Dente‘)61n
418 3678 479 3732 coll.
498 3680 558 3732 Ien.
577 3677 672 3732 deest:
693 3678 755 3744 Qui.
794 3677 832 3744 ⁸⁸)
846 3679 882 3731 In
900 3693 988 3744 marg.
1008 3679 1071 3732 coll.
1093 3681 1117 3734 Is
