2575 4225
193 250 258 314 520
532 249 703 331 Principal.
727 248 790 311 loci

191 425 362 506 indulgent
383 425 532 490 homines
547 426 697 509 peccatis.
736 425 790 489 Fit
811 415 915 505 igitur
930 429 968 487 ut
982 445 1058 487 cum
1082 445 1138 507 ap-

191 515 371 597 prehendet
384 534 438 577 eos
460 515 509 577 ira
523 522 555 579 et
569 515 759 595 indignatio,
784 514 850 576 sint
864 513 934 576 sine
949 533 1016 596 spe.
1044 515 1141 576 Haec

191 603 317 686 peccati
338 603 387 668 vis
409 609 471 680 est,
503 620 586 684 quae
609 623 670 666 nos
700 604 742 666 ab
764 604 827 665 hac
856 603 967 682 regula
992 603 1136 665 abducit.

192 741 303 854 [citur
338 745 554 808 exhortationi
588 745 718 810 subiicit
753 745 910 827 propheta
943 743 1138 821 doctrinam,

242 832 347 915 capite
381 834 615 898 decimotertio:
659 834 804 916 Accipite
832 833 1000 898 vobiscum
1038 834 1143 896 verba

192 919 283 998 haec,
307 923 531 986 convertimini
545 924 587 985 ad
602 923 787 999 dominum,
811 928 844 986 et
859 922 972 986 dieite:
996 923 1142 985 Remitte

194 1011 289 1074 nobis
313 1030 443 1075 omnem
465 1012 680 1092 iniquitatem,
706 1016 738 1075 et
760 1011 846 1075 dona
867 1011 999 1088 bonum,
1025 1017 1057 1074 et
1079 1012 1139 1072 im·-

194 1099 389 1163 molabimus
412 1101 509 1164 boves
531 1101 691 1164 labiorum
714 1106 906 1164 nostrorum.
953 1099 1027 1162 Sola
1048 1101 1141 1162 enim

194 1185 296 1250 orado
320 1196 381 1265 est,
412 1209 495 1270 quae
522 1191 653 1272 supplet
680 1190 767 1270 quod
797 1190 891 1252 nobis
917 1187 1021 1264 deest,
1054 1183 1142 1251 sicut

195 1277 295 1340 etiam
310 1283 444 1358 apparet
466 1299 507 1341 ex
521 1280 675 1361 parabola
698 1279 738 1342 de
761 1297 851 1342 servo
866 1277 1003 1341 debente
1025 1277 1141 1340 decem

195 1365 299 1427 millia
320 1365 524 1444 talentorum,
548 1368 664 1432 Matth.
691 1362 761 1430 18.¹

201 1487 207 1490 ·
285 1455 357 1517 Hoc
388 1457 445 1536 qui
472 1457 612 1534 faciunt,
659 1457 722 1520 hcc
755 1462 819 1532 est,
857 1455 914 1536 qui
955 1454 1145 1518 custodiant
1268 1460 1276 1508 ἔ

196 1542 360 1604 iusticiam
384 1549 417 1606 et
438 1543 605 1621 iudicium,
630 1551 664 1607 et
685 1550 817 1626 sperant
838 1545 875 1608 in
897 1543 967 1607 deo.
1013 1543 1145 1606 Deinde
1268 1536 1273 1555 ¹

196 1629 323 1694 addunt
345 1632 603 1715 deprecationem
633 1653 693 1715 pro
721 1633 908 1698 remissione
934 1639 1143 1715 peccatorum
1268 1644 1273 1655 '

198 1725 231 1782 et
259 1721 500 1800 gubernatione.
547 1723 594 1784 Hi
619 1743 678 1804 per
701 1722 866 1787 Christum
889 1726 965 1784 sunt
994 1721 1052 1782 filii
1077 1720 1143 1798 dei,

196 1807 357 1898 redempti
384 1830 426 1872 ex
447 1811 573 1874 inferno
604 1818 637 1874 et
662 1811 790 1874 liberati
819 1831 838 1874 a
866 1817 979 1874 morte.
1025 1810 1146 1890 Itaque
1275 1783 1276 1788 ἵ

197 1898 259 1962 etsi
281 1899 479 1976 moriuntur,
509 1906 620 1964 tamen
647 1901 764 1964 iterum
791 1905 972 1980 resurgent,
1008 1898 1145 1961 excitati

161 2009 168 2022 ·
198 2005 218 2049 a
240 1987 316 2049 filio.
330 1986 383 2050 dei
405 1987 448 2051 ad
470 1995 634 2052 aeternam
656 1989 766 2066 vitam,
790 1989 921 2051 interim
943 2007 1000 2069 spe
1021 1988 1146 2050 horum
1268 1987 1275 2079 ξ

198 2075 371 2154 donorum,
401 2098 484 2158 quae
507 2084 579 2142 tum
601 2079 802 2159 contingent,
839 2077 874 2140 in
905 2077 1001 2141 verbo
1031 2082 1148 2141 autem
1268 2100 1274 2163 ¹.

198 2172 437 2246 proponuntur,
469 2188 528 2231 nos
556 2169 772 2243 consolemur,
807 2165 896 2246 quod
924 2166 1007 2229 sicut
1035 2166 1071 2227 in
1096 2186 1146 2227 se-

198 2253 305 2316 cundo
328 2254 432 2335 capite
456 2255 548 2333 dicit,
579 2258 680 2321 simus
703 2257 761 2319 filii
784 2255 837 2319 dei
858 2255 1006 2330 viventis,
1032 2260 1064 2316 et
1086 2274 1146 2335 po·
1268 2277 1273 2344 j

196 2342 295 2425 pulus
318 2342 381 2420 dei,
405 2344 471 2407 imo
494 2366 614 2427 sponsa
636 2352 695 2409 etc.

198 2465 263 2577 Aa
284 2467 344 2531 hos
366 2468 452 2533 locos
474 2469 637 2550 pertinent
658 2470 802 2549 insignes
822 2467 999 2531 sententiae
1022 2471 1056 2529 et
1076 2466 1146 2546 ple·

265 2576 326 2619 nae
350 2557 589 2635 consolationis,
620 2578 702 2638 quas
731 2558 771 2621 de
794 2556 957 2639 evangelio
983 2555 1145 2637 propheta

199 2644 348 2725 aspergit.
394 2646 435 2706 In
458 2646 599 2709 secundo
614 2647 720 2727 capite
742 2646 838 2711 dicit:
864 2645 934 2708 Erit
956 2644 991 2706 in
1012 2644 1083 2706 loco
1106 2644 1145 2705 in

199 2750 264 2811 quo
295 2732 419 2793 dictum
441 2737 491 2795 est
512 2733 576 2795 eis:
605 2735 678 2796 Non
708 2736 848 2816 populus
875 2753 967 2796 meus
994 2751 1065 2808 vos,
1094 2731 1146 2794 ibi

199 2820 325 2883 dicetur
346 2819 407 2884 eia:
432 2821 508 2883 Filii
530 2820 583 2884 dei
605 2822 752 2888 viventis.
799 2824 895 2887 Item:
920 2821 1023 2885 Dicite
1038 2820 1146 2883 fratri-
1269 2827 1274 2838 “

198 2909 261 2972 bus
290 2909 420 2973 vestris:
459 2911 601 2992 Populus
628 2932 734 2990 meus,
768 2919 800 2975 et
816 2911 986 2975 sororibus
1008 2909 1143 2973 vestris:
1268 2917 1274 2958 :

199 2997 452 3061 Misericordiam
485 3008 666 3064 consecuta.
724 3003 823 3064 Item:
868 2998 1077 3079 Desponsabo
1111 3005 1147 3061 to
1268 3049 1274 3068 ,

199 3086 282 3149 mihi
307 3087 344 3149 in
371 3093 555 3165 aeternum,
588 3090 790 3171 desponsabo
817 3096 849 3152 te
877 3087 960 3151 mihi
990 3087 1026 3148 in
1051 3086 1147 3149 iusti-

200 3174 265 3250 cia,
288 3182 322 3238 et
343 3176 379 3238 in
400 3177 538 3255 iudicio,
563 3178 599 3241 in
621 3180 724 3259 matie
746 3184 779 3242 et
801 3175 1077 3251 miserationibus,
1108 3176 1148 3239 in

199 3262 263 3325 fide
287 3262 489 3346 desponsabo
518 3273 551 3330 te
573 3268 673 3345 mihi,
708 3274 741 3331 et
767 3284 937 3347 cognosces
960 3262 1147 3327 dominum.

198 3351 339 3415 Additur
354 3373 484 3435 quoque
506 3357 678 3437 promissio
701 3356 906 3419 decretione
929 3351 1123 3415 exaudienda

200 3442 315 3505 eterit
337 3442 373 3505 in
395 3442 448 3505 die
470 3445 526 3508 illo
547 3445 738 3522 exaudiam,
762 3444 842 3507 dicit
864 3443 1024 3517 dominus,
1048 3460 1127 3503 axae

200 3528 289 3591 diam
312 3533 415 3595 coelos
439 3539 498 3597 etc.

290 3722 317 3791 1)
335 3724 439 3778 natta.
459 3722 501 3777 18.
