2575 4225
506 291 626 351 <1:123ss
1081 287 1288 367 Caput
1333 286 1786 349 duodecimum

502 465 910 547 primogeniti
976 465 1105 541 ius,
1177 483 1293 528 seu
1358 463 1764 545 privilegium
1782 511 1796 539 ,
1839 461 2237 544 'pertinebat
2297 461 2380 524 ad

502 575 649 615 nuni
695 553 1033 634 promissio
1078 553 1159 614 de
1206 554 1450 616 semine
1498 553 1844 616 contrituro
1891 556 2090 633 caput
2122 571 2378 631 serpen-

506 647 602 703 tis.
618 639 638 675 ²
737 643 925 704 Hanc
968 641 1161 703 Iacob
1220 643 1420 705 etiam
1479 642 1552 704 in
1607 646 1788 704 utero
1846 641 2073 704 matris
2128 640 2382 702 studuit

502 731 806 806 ‹.=ln·tinere,
856 730 1177 811 siquidem
1221 737 1488 795 conatus
1535 735 1632 793 est
1674 729 1990 811 impedire
2038 728 2246 806 Esau,
2299 748 2381 791 ne

505 819 746 899 primus
792 825 1173 882 nasceretur.

678 908 894 984 Unde,
943 909 1224 988 inquies,
1271 907 1344 968 in
1389 908 1567 970 foetu
1610 906 1718 969 hic
1762 908 2035 970 sensus}>
2104 907 2210 969 Ex
2255 907 2379 987 spi-

506 999 630 1059 ritu
676 1002 895 1060 sancto
941 998 1269 1072 nimirum,
1318 997 1434 1076 qui
1461 997 1840 1071 Iohannem,
1890 1016 2005 1059 sex
2049 996 2383 1058 mensium

506 1087 748 1148 suetum
762 1135 777 1162 ,
835 1086 927 1148 ita
969 1085 1360 1150 illuminavit
1374 1135 1387 1161 ,
1445 1090 1521 1148 ut
1565 1085 1831 1148 sentiret
1875 1084 2114 1147 Christi
2158 1104 2382 1147 recens

506 1175 795 1255 fflfflnepti
838 1175 1286 1255 praesentiam.
1380 1174 1499 1237 Est
1544 1175 1720 1235 enim
1765 1173 1923 1236 deus
1952 1193 2090 1235 non
2119 1178 2382 1235 tantum

506 1287 550 1323 ;ιι
565 1266 867 1325 lultorum
913 1263 1070 1325 deus
1090 1312 1103 1339 ‚
1164 1262 1277 1325 sed
1323 1262 1518 1326 etiam
1561 1262 1916 1324 infantium
1931 1310 1946 1338 ,
2005 1261 2208 1323 etiam
2251 1282 2379 1324 em-

506 1355 854 1431 lwryonum,
915 1352 1074 1413 dum
1130 1352 1344 1414 adhuc
1397 1352 1470 1413 in
1526 1356 1708 1414 utero
1766 1344 1975 1414 sunt.²
2074 1352 2174 1412 Ac
2221 1351 2383 1431 quid

506 1443 558 1499 lv
578 1463 622 1499 m
667 1441 905 1501 mirum
952 1445 1065 1515 est,
1115 1441 1419 1520 spiritum
1463 1446 1760 1503 sanctum
1802 1441 1875 1501 in
1920 1439 2015 1501 eis
2060 1459 2200 1502 esse
2248 1440 2381 1501 effi-

506 1547 717 1588 cacem
763 1546 838 1589 eo
884 1527 1098 1603 modo,
1148 1547 1344 1607 quem
1388 1548 1507 1591 nos
1551 1549 1685 1591 non
1729 1528 2155 1607 intelligimus
2174 1530 2206 1589 5²
2267 1530 2381 1589 Ta-

506 1639 654 1677 men
701 1635 850 1678 cum
893 1615 1178 1679 habeant
1221 1616 1445 1693 vitam,
1493 1637 1770 1693 carnem,
1819 1622 1884 1679 et
1914 1636 2077 1693 ossa,
2128 1637 2263 1679 non
2294 1622 2381 1680 ta·

506 1727 655 1767 rnen
699 1706 960 1767 aluntur
1002 1705 1075 1766 in
1118 1710 1301 1769 utero
1348 1726 1422 1767 eo
1468 1705 1690 1782 mod0‚
1755 1726 1883 1786 quo
1929 1725 2078 1783 nOS,
2139 1708 2256 1786 qui
2312 1706 2383 1767 in

506 1795 626 1855 lunc
669 1794 810 1856 luce
856 1794 1152 1870 vivimUS,
1202 1794 1452 1856 alimur.

689 1876 888 1945 3Vere
934 1882 1131 1961 igitur
1176 1883 1472 1946 odiosum
1518 1888 1583 1945 et
1627 1883 1903 1963 impium
1951 1884 2382 1963 anabaptista-

506 1995 647 2032 ΜΠ]
694 1972 929 2050 dogma
959 1977 1073 2047 est,
1124 1971 1237 2051 qui
1266 1971 1412 2033 ideo
1443 1972 1658 2052 pueris
1687 1972 2088 2052 baptismum
2119 1978 2381 2052 negant,

506 2087 514 2116 ι
530 2060 677 2140 [und
725 2080 916 2123 sensu
962 2066 1027 2123 et
1072 2065 1285 2124 mente
1333 2066 1606 2137 careant,
1657 2080 1774 2123 nec
1818 2061 2185 2141 intelligant
2217 2081 2384 2143 quae

506 2172 654 2209 snm
713 2149 805 2212 eis
862 2154 1157 2228 aguntur.
1251 2150 1452 2212 Nobis
1519 2171 1653 2214 non
1718 2151 2089 2229 intelligunt
2106 2199 2120 2226 ‚
2195 2151 2385 2230 nobis

510 2242 721 2300 munte
766 2257 841 2298 ac
887 2257 1079 2301 sensu
1139 2237 1509 2300 iudicantur
1564 2258 1791 2301 carere.
1886 2238 2012 2300 Sed
2068 2239 2192 2302 deo
2251 2260 2386 2302 non

506 2328 614 2400 sin,
664 2327 847 2389 cuius
892 2345 1055 2406 opus
1101 2333 1270 2389 sunt.
1364 2328 1537 2389 Deus
1585 2328 1759 2389 enim
1805 2328 1973 2390 sicut
2017 2328 2144 2390 alio
2188 2328 2385 2392 modo

506 2436 550 2472 ιη
570 2436 614 2476 ,Β
658 2415 773 2477 alit
787 2465 801 2492 ,
863 2434 1060 2494 quam
1104 2435 1224 2478 nos
1242 2465 1255 2491 ,
1318 2415 1414 2479 ita
1457 2435 1714 2494 quoque
1759 2417 1883 2477 alio
1928 2417 2123 2479 modo
2169 2424 2388 2480 movet

510 2528 554 2564 m
573 2524 729 2565 *rum
776 2504 983 2566 corda.
1078 2504 1266 2577 Quod
1313 2505 1370 2567 si
1415 2505 1630 2567 nullus
1687 2505 1760 2566 in
1802 2505 2114 2567 Iacobum
2142 2506 2388 2568 adhuc

506 2596 574 2652 in
626 2597 800 2654 utero
846 2593 1070 2654 matris
1116 2593 1294 2668 vivit,
1345 2612 1568 2655 sensus
1601 2599 1714 2669 est,
1764 2613 1876 2655 cur
1905 2594 2218 2673 allegatur
2248 2596 2386 2657 eius

514 2684 750 2740 suctum
767 2682 798 2739 i>
843 2681 977 2740 Aut
1021 2681 1093 2739 in
1140 2700 1337 2758 quem
1380 2699 1573 2744 usum
1602 2682 1974 2761 allegatur?
2398 2758 2403 2761 ῃ

683 2765 810 2827 Sed
857 2765 1218 2828 considerat
1262 2769 1578 2849 propheta
1623 2770 1729 2831 dei
1762 2771 2055 2833 mirabile
2085 2792 2275 2852 opus,
2322 2777 2388 2834 et

514 2856 653 2916 ideo
697 2855 768 2916 in
812 2854 1003 2916 Iacob
1049 2855 1342 2917 nondum
1387 2863 1538 2920 nato
1586 2858 1906 2936 singulare
1960 2859 2255 2922 studium
2311 2880 2388 2922 ac

510 2944 898 3006 z'lnsiderium
941 2943 1386 3025 promissionis
1433 2946 1514 3008 de
1560 2947 1811 3009 Christo
1831 2996 1846 3023 ,
1909 2949 2031 3010 hoc
2077 2955 2207 3025 est,
2264 2949 2385 3030 pri-

512 3056 614 3096 nu:-
622 3035 945 3112 geniturae
992 3033 1322 3113 praedicit,
1370 3041 1446 3097 ut
1491 3041 1715 3114 arguat
1757 3036 2097 3112 IsraelitaS‚
2149 3039 2266 3117 qui
2304 3037 2389 3099 ad

510 3124 879 3203 sxsmplum
926 3122 1100 3184 Esau
1143 3123 1637 3203 promissionem
1681 3123 1760 3185 de
1807 3125 2052 3186 semine
2111 3127 2386 3206 neglige-

514 3212 685 3287 bant,
736 3217 800 3273 et
845 3211 1156 3273 curabant
1198 3212 1462 3274 interim
1506 3216 1815 3274 ventrem.

686 3300 875 3360 Hanc
921 3300 1307 3362 sententiam
1352 3300 1478 3362 nisi
1524 3301 1830 3379 sequaris&
1878 3301 2023 3381 quis
2069 3302 2193 3365 erit
2232 3322 2386 3366 usus

514 3388 701 3452 huius
746 3387 1047 3450 historiae
1092 3388 1215 3450 hoc
1260 3389 1333 3450 in
1376 3389 1515 3451 loco
1569 3389 1798 3451 citatae
1813 3438 1827 3465 ,
1890 3395 2003 3453 aut
2061 3411 2298 3470 quomo

514 3500 642 3536 Ἱππ]
687 3477 981 3557 ineptum
1028 3476 1164 3552 erit,
1214 3496 1358 3538 eam
1404 3477 1786 3557 coniungere
1833 3498 1984 3541 cum
2026 3480 2282 3543 altera]

692 3685 745 3751 1)
781 3684 1155 3751 Primogeniti
1203 3685 1312 3739 ius.
1385 3685 1442 3753 2)
1491 3686 1738 3753 Spiritus
1784 3690 2019 3740 sanctus
2071 3689 2274 3744 efficax

522 3753 774 3808 nundum
810 3757 977 3808 natis.
1051 3755 1105 3818 3)
1144 3756 1659 3825 Anabaptistarum
1694 3773 1862 3811 error.
