2575 4225
52 2517 61 2526 ·
189 2506 309 2579 gentes.

195 281 260 346 270
534 282 639 366 Caput
661 280 792 347 tertium

238 461 380 540 iunges
407 479 497 523 cum
525 460 627 537 viro,
660 480 727 540 ego
756 466 886 523 autem
914 479 972 522 me
999 467 1133 524 tecum

114 596 119 602 .
238 568 492 629 coniungam.

192 723 352 834 Brevitas
375 726 602 791 obscuritatem
624 726 724 807 parit,
755 724 810 788 sed
834 745 926 806 spero
948 724 1034 788 hanc
1063 744 1131 789 sen·

253 816 390 878 tentiam
412 836 488 878 cum
510 815 720 897 grammatica
743 815 920 878 convenire.
955 814 1067 877 Iussus
1083 823 1134 878 est

192 904 350 984 propheta
371 925 480 966 amare
502 904 697 979 adulteram,
728 903 784 965 sed
806 903 905 965 inicia
931 903 1049 965 amoris
1077 904 1132 965 ad-

192 992 326 1055 modum
349 998 426 1054 sunt
447 994 566 1056 tenuia.
612 992 780 1073 Impendit
800 992 837 1052 in
864 1012 936 1053 eam
967 1011 1033 1055 non
1063 998 1131 1054 tan—

192 1089 276 1157 tum,
305 1087 463 1161 quantum
486 1080 734 1162 impendebatur
756 1080 791 1141 in
822 1080 972 1143 ancillam
1001 1099 1021 1141 a
1048 1080 1133 1145 bove

192 1176 366 1250 cornupeta
387 1171 522 1247 laesam,
551 1189 629 1231 nam
649 1170 720 1232 eius
749 1168 827 1231 hero
855 1190 896 1231 ex
922 1169 991 1249 lege
1020 1187 1132 1231 nume-

192 1256 285 1319 randi
308 1264 399 1321 erant
421 1259 490 1320 sicli
512 1258 655 1338 triginta.
700 1257 765 1320 Hic
788 1255 960 1319 dimidium
984 1259 1130 1338 precium

192 1352 248 1408 est.
295 1346 419 1409 Deinde
441 1367 498 1410 cur
519 1348 566 1409 ita
587 1366 682 1427 parce
705 1346 805 1409 donat
826 1346 974 1422 ordeum,
1003 1351 1036 1408 et
1063 1368 1129 1409 non

191 1435 331 1515 complet
352 1434 433 1497 duos
456 1437 567 1498 coros?

277 1523 497 1603 Hieronymus
526 1522 671 1604 sequitur
700 1524 894 1586 Iudaeorum
923 1524 1129 1600 sententiam,

190 1611 295 1690 quiin
310 1611 398 1673 hisee
413 1612 556 1675 numeris
570 1613 725 1692 mysteria
740 1632 808 1675 esse
824 1616 964 1688 censent,
982 1618 1014 1674 et
1028 1618 1128 1675 trans·

190 1700 298 1764 ferunt
335 1719 390 1763 eos
424 1700 465 1764 ad
499 1701 657 1782 populum
691 1707 848 1777 veterem,
882 1700 1054 1763 liberatum
1087 1720 1132 1763 ex

188 1792 346 1871 Aegypto,
370 1796 403 1852 et
421 1795 572 1851 ornatum
587 1790 640 1851 die
656 1790 900 1869 quadragesimo
916 1789 1031 1870 quinto
1046 1790 1128 1869 lege.

189 1880 277 1941 Haeo
301 1878 360 1942 etsi
383 1898 449 1941 non
472 1878 605 1941 omnino
627 1878 761 1955 damno,
789 1884 899 1941 temen
922 1884 1044 1941 cenum
1068 1884 1129 1954 est,

189 1988 255 2031 non
277 1987 346 2030 esse
368 1963 527 2048 propria*
560 1966 706 2048 Simplex
728 1968 816 2030 enim
831 1972 864 2029 et
878 1986 953 2031 vera
968 1968 1131 2030 sententia

189 2062 249 2132 est,
282 2056 368 2136 quod
392 2056 543 2120 dominus
565 2056 717 2119 Israelem
739 2056 823 2120 inter
845 2060 956 2137 gentes
983 2054 1127 2118 dissemi-

190 2150 338 2220 naturus,
370 2151 403 2208 et
422 2146 470 2208 ibi
492 2146 662 2209 habiturus
685 2146 728 2208 sit
749 2163 843 2226 parce
866 2165 903 2208 ac
925 2141 1061 2221 duriter,
1089 2151 1130 2208 ut

188 2234 250 2294 hoc
272 2232 370 2294 modo
392 2239 486 2313 cogat
507 2234 660 2296 desistere
675 2234 716 2296 ab
732 2233 888 2296 idolatria.
934 2233 1019 2295 Nam
1034 2234 1134 2313 quin·

189 2320 295 2383 decim
324 2323 482 2401 argentei,
514 2327 548 2385 et
574 2322 776 2402 sesquicorus
803 2321 900 2385 tritici
928 2321 1011 2384 nihil
1037 2327 1127 2398 sunt,

189 2429 288 2490 quam
316 2411 411 2494 panis
440 2409 650 2492 quotidianus
684 2416 717 2474 et
750 2411 840 2474 triste
874 2409 1007 2472 exilium
1041 2411 1132 2472 inter

189 2671 347 2784 Ostendit
368 2680 478 2776 autem
500 2693 639 2752 causam,
665 2695 721 2739 cur
741 2677 804 2739 hoc
818 2675 961 2739 facturus
977 2674 1019 2739 sit
1033 2674 1128 2752 deus,

246 2769 279 2824 et
308 2768 505 2842 promoturus
539 2782 635 2842 suum
669 2765 827 2846 populum
860 2764 896 2826 in
930 2769 1055 2843 gentes,
1092 2771 1131 2826 et

186 2867 348 2931 passurus,
372 2856 411 2914 ut
431 2851 477 2914 ibi
494 2850 616 2914 duriter
629 2853 795 2930 habeatur,
820 2853 876 2930 ibi,
900 2853 1017 2932 inquit,
1041 2851 1128 2914 mihi

187 2938 321 3017 sedebis,
346 2945 379 3003 et
399 2961 465 3004 non
487 2940 704 3019 fornicaberis,
729 2961 794 3004 non
809 2942 983 3020 coniunges
998 2947 1030 3002 te
1048 2959 1127 3002 cum

187 3028 249 3091 alio
271 3028 396 3106 marito,
419 3030 482 3092 hoc
504 3035 561 3106 est,
585 3029 658 3092 ideo
681 3035 713 3094 te
735 3029 827 3093 trado
849 3029 997 3110 Assyriis,
1022 3033 1059 3091 ut
1074 3048 1126 3091 co*

185 3118 270 3196 garis
293 3115 444 3180 desistere
466 3117 507 3181 ab
529 3118 586 3180 illa
607 3120 695 3200 turpi
724 3115 885 3195 idolatria,
915 3137 1014 3198 (luam
1043 3117 1127 3179 dum

50 3213 89 3293 ’ζῆ
185 3224 322 3286 regnum
344 3206 489 3285 quietum
515 3205 592 3283 fuit,
622 3213 691 3270 tam
720 3208 924 3290 pertinaciter
950 3204 1128 3270 retinuisti.

280 3289 437 3357 ¹Pertinet
463 3293 561 3374 igitur
587 3296 668 3358 haec
697 3297 857 3360 sententia
885 3295 926 3357 ad
961 3291 1130 3357 docendos

39 3365 88 3443 ζ’ζ·
187 3401 245 3446 nos
272 3382 312 3446 de
342 3381 477 3464 poenis,
503 3402 584 3462 quas
614 3384 734 3465 infligit
761 3385 855 3448 nobis
884 3385 963 3448 deus
991 3389 1132 3465 propter

276 3590 303 3658 1)
323 3590 385 3655 Quo
403 3590 522 3646 consilio
540 3590 612 3676 deus
630 3593 747 3660 affligat.

275 3750 300 3817 ⁴)
318 3749 354 3803 In
371 3765 460 3817 marg.¹
477 3751 628 3806 coll.1en.:
648 3752 775 3821 Simplex
793 3751 881 3807 huius
898 3750 953 3806 loci
966 3751 1127 3807 sententia.
