2575 4225
435 292 562 357 Hoseae
584 278 770 375 prophetae.
1006 296 1048 361 37
1052 294 1073 361 7

131 490 210 537 oum
225 470 392 552 quotidiae
409 471 566 535 sentirent
579 470 737 535 beneficia
750 490 832 548 mea,
845 478 879 536 et
892 472 1075 545 mirabilem

132 559 409 641 gubernationem,
433 565 544 624 tamon
566 559 782 623 diecesauunt
805 581 824 623 a
845 581 908 638 me,
932 566 966 625 et
987 563 1075 627 dedi·

131 649 252 713 derunt
273 668 307 713 se
330 648 447 713 studiis
468 653 503 711 et
524 648 664 711 errltibus
687 644 850 729 gentium,
874 649 911 713 in
932 650 994 717 hac
1016 652 1074 716 im·

132 738 254 820 pietate
277 737 385 801 adhuc
406 742 554 819 pergunt,
578 756 638 800 neo
661 738 768 801 sanari
789 744 935 819 possunt.

221 826 308 891 Nota
329 831 440 889 autem
462 831 511 890 est
532 825 668 889 historia
690 825 730 889 da
757 826 969 892 fornicatione
998 828 1075 895 filio·

130 935 206 980 rum
228 915 328 978 Israel
350 934 425 977 cum
447 913 665 978 Moabitarum
687 914 814 978 filiabus
837 916 872 978 in
895 916 1013 995 Sittim,
1043 925 1077 983 et

133 1004 176 1067 da
197 1004 287 1067 cultu
309 1004 388 1067 idoli
409 1004 489 1065 Baal
515 997 621 1081 ¹Peor‚
646 1003 735 1084 quod
756 1002 979 1085 Hieronymus
993 1006 1076 1089 pria·

132 1112 215 1174 pum
238 1092 340 1157 fuisse
363 1092 538 1168 existimat,
562 1110 600 1155 ao
622 1091 774 1156 convenit
794 1112 873 1156 sane
891 1095 1076 1176 appellatio.

131 1182 218 1243 Nam
239 1201 304 1245 vox
326 1183 440 1245 ebraea
462 1180 554 1257 Peor,
583 1179 766 1245 nuditatem
792 1181 963 1261 significat,
987 1183 1077 1265 quod

133 1270 307 1347 vertimus,
353 1268 634 1334 sanctificaverunt
678 1290 713 1333 se
750 1271 838 1353 turpi
874 1264 998 1349 idolo,²
1040 1274 1076 1335 in
1136 1284 1140 1289 ·
1257 1338 1274 1367 u

21 1361 26 1365 ’
134 1358 260 1422 Ebraeo
283 1364 349 1435 est,
380 1364 628 1440 segregaverunt
650 1378 685 1422 se
707 1356 749 1422 sd
772 1356 995 1425 confusionem
1018 1381 1078 1425 seu
1244 1370 1253 1397 ²*

133 1447 382 1530 turpitudinem,
405 1446 463 1511 sed
485 1467 545 1511 nos
566 1446 743 1512 maluimus
765 1450 958 1513 sententiam
973 1455 1077 1515 osten·

132 1536 220 1613 dere,
244 1555 322 1599 nam
340 1535 475 1601 verbnm
492 1535 633 1613 ,iinazru‘
651 1537 712 1601 etsi
727 1536 887 1618 significat
902 1556 1077 1619 segregare,

134 1631 246 1689 tamen
279 1626 408 1708 proprie
441 1631 491 1689 est
522 1625 659 1689 verbum
693 1625 807 1689 cultus.
854 1625 945 1690 Sicut
978 1628 1077 1691 etiam

133 1714 212 1779 inde
231 1707 381 1777 ⁸Nazarei
403 1714 484 1777 dicti
506 1719 592 1790 sunt,
616 1714 705 1794 quod
727 1720 930 1795 segregarent
947 1735 991 1791 se,
1014 1716 1079 1779 hoc

13 1799 14 1870 ξ
61 1845 67 1854 ,
134 1808 200 1881 est,
237 1822 302 1884 quo
336 1804 498 1885 singulare
529 1801 687 1883 quiddam
717 1804 916 1885 susciperent
943 1802 986 1865 ad
1014 1805 1078 1872 cul·

134 1900 207 1957 tum
228 1890 407 2058 ffledscheth‘
432 1987 541 2047 autem
564 1980 634 2044 sine
657 1932 756 2043 dubio
784 1980 927 2061 appellat
952 1979 1079 2045 idolum

13 2067 15 2088 ²
136 2070 225 2148 Peor,
248 2076 378 2153 turpem
400 2076 433 2136 et
447 2070 576 2135 foedam
597 2074 748 2134 statuam.
788 2068 983 2152 Quanquam
997 2070 1080 2134 haec

14 2218 15 2243 ,
134 2161 209 2242 ipsa
232 2160 405 2243 appellatio
426 2159 514 2223 idolo
537 2159 634 2222 etiam
657 2157 808 2223 convenit
830 2164 961 2241 propter
986 2178 1079 2224 even-

14 2298 15 2323 ,
135 2256 224 2326 tum,
254 2248 341 2330 quod
364 2254 495 2330 propter
515 2249 604 2311 hunc
626 2247 751 2310 cultum
772 2247 877 2330 turpis
899 2247 993 2325 idoli,
1023 2269 1077 2330 po·

14 2384 15 2405 r
136 2339 235 2420 pulus
257 2337 411 2401 confusus
434 2335 467 2401 et
488 2336 573 2398 male
595 2335 737 2400 afflictus
760 2341 818 2414 est,
842 2336 926 2400 sicut
942 2337 1082 2401 historia

14 2418 36 2505 s.
138 2425 290 2503 ostendit,
312 2445 380 2489 uno
402 2424 455 2488 die
477 2424 630 2488 cecidisse
653 2424 770 2504 viginti
791 2425 854 2488 tria
875 2419 996 2488 milia⁴

228 2513 269 2576 In
290 2514 446 2578 vocobula
470 2513 671 2591 ,keahabam‘
694 2512 814 2576 usitata
837 2513 969 2577 Ebraeis
984 2507 1080 2594 phrass

14 2590 16 2647 ἕ
139 2605 200 2682 sis,
227 2603 360 2686 ponitur
382 2603 470 2666 enim
491 2602 689 2667 abstractum
711 2621 769 2684 pro
796 2606 959 2678 concreto,
989 2621 1080 2668 amor

132 2712 198 2775 'pro
233 2691 444 2767 amatoribus,
483 2690 612 2755 dilectio
645 2711 704 2772 pro
742 2687 875 2757 dilectis.
928 2691 1083 2774 Appellat

16 2800 17 2875 ᾗ
139 2787 251 2845 autem
274 2785 432 2844 amatores
454 2779 614 2845 Moabitae
636 2773 788 2844 idolatras
803 2799 941 2861 quorum
957 2781 1082 2844 cultum

16 2892 17 2903 ³
138 2869 239 2934 lsrael
262 2875 392 2932 secutus
406 2873 465 2932 est.
504 2868 556 2932 Sic
571 2868 661 2931 enim
675 2867 755 2932 dicit
769 2867 868 2944 Mose,
892 2868 1008 2932 Numa.
1027 2869 1080 2930 25.

16 2980 17 3015 ;
140 2959 332 3023 Fornicatus
355 2963 404 3021 est
425 2957 565 3039 populus
595 2976 671 3020 oum
698 2956 827 3020 filiabus
850 2953 965 3032 Moab,
998 2975 1083 3036 quae

16 3090 17 3093 =
141 3051 338 3112 vocaverunt
359 3066 413 3110 eos
437 3045 479 3109 ad
501 3045 657 3109 sacrificia
680 3063 747 3109 sua.
793 3045 838 3107 At
864 3043 912 3106 illi
939 3043 1081 3108 comede·

140 3140 227 3213 runt,
252 3141 285 3198 et
308 3134 521 3199 adoraverunt
542 3133 619 3198 deos
643 3153 772 3209 eorum,
797 3131 1011 3212 iniciatuaque
1034 3139 1084 3196 est

17 3282 18 3285 ,
140 3224 241 3288 Israel
262 3224 341 3286 Baal
363 3224 451 3301 Peor,
479 3230 538 3287 etc.

17 3908 23 4029 l

236 3306 342 3376 ⁵Utile
364 3318 475 3375 autem
496 3311 552 3374 hic
573 3317 623 3376 est
644 3310 847 3377 considerare
864 3329 964 3391 quam
979 3290 1084 3372 facilis

172 3409 186 3466 t
206 3403 319 3484 lapsus
342 3421 362 3462 a
383 3421 458 3465 vera
480 3400 642 3481 religione,
666 3407 700 3463 et
722 3405 845 3480 quanta
859 3399 995 3462 Satanae
1018 3417 1084 3460 non

168 3499 273 3554 ,ntum
296 3490 338 3553 sit
360 3489 497 3566 malicia,
522 3488 580 3552 sed
595 3489 693 3552 etiam
708 3488 862 3569 potentia.
894 3486 980 3550 ¹Non
996 3487 1085 3549 enim

234 3697 263 3769 1)
281 3699 362 3752 Peor,
398 3696 427 3765 2)
446 3696 482 3751 Id
506 3703 552 3754 est
576 3703 740 3766 aperturam
764 3697 811 3754 vel
828 3696 949 3752 hiatum.
980 3691 1014 3766 ’3)
1032 3695 1087 3751 Na-

180 3771 228 3825 rei.
265 3769 295 3839 4)
314 3768 398 3823 Num.
417 3767 461 3823 25.
498 3768 527 3839 5)
546 3769 650 3826 Facilis
668 3771 768 3838 lapsus
786 3769 818 3825 iu
836 3766 1007 3826 idolatriam.
1032 3796 1034 3800 ·
