2575 4225
420 259 508 315 N*
523 263 536 315 ,Ι
1123 253 1438 315 Praefatio
1483 252 1554 313 in

412 435 699 507 Regnum
754 430 919 493 Iuda
963 450 1247 509 quoque,
1311 429 1383 491 in
1438 449 1566 508 quo
1622 449 1808 493 verus
1867 430 2078 492 cultus
2126 436 2280 505 erat,

408 523 520 583 [fisi
596 542 724 583 non
790 520 1137 582 destruitur
1192 520 1414 599 plane,
1487 523 1707 580 tamen
1771 538 1884 599 per
1948 518 2286 598 Assyriam

412 615 576 671 111118
644 609 954 688 affligitur
972 658 987 684 ,
1059 607 1261 670 donec
1330 606 1626 682 tandem,
1700 607 1866 669 sicut
1933 607 2153 669 Micha
2222 614 2287 671 et

412 699 628 760 Esaias
673 698 1120 772 vaticinantur,
1170 717 1210 758 a
1252 696 1625 776 Babyloniis
1669 696 1928 776 penitus
1973 701 2281 758 vastatur.

588 788 663 849 In
692 788 851 848 haec
882 787 1179 866 exempla
1206 784 1445 847 intueri
1475 784 1631 847 utile
1663 790 1776 861 est,
1826 789 1900 845 ut
1931 785 2286 863 cogitemus

412 879 603 935 alvum
672 896 804 938 non
872 876 1111 937 frustra
1161 875 1284 937 hoc
1338 879 1626 954 tempore
1680 874 1893 937 lucem
1949 874 2128 936 verbi
2186 875 2290 936 sui

412 967 659 1027 lindisse
693 964 1104 1027 Germaniae·
1142 962 1433 1025 Profecto
1466 963 1641 1023 enim
1671 982 1910 1041 magna
1955 962 2288 1024 calamitas

412 1075 516 1131 :at-*14
528 1060 734 1130 uetur,
800 1054 856 1116 si
928 1052 1011 1114 ad
1079 1053 1255 1114 hunc
1313 1051 1583 1113 modum
1646 1052 1932 1133 episcopi
1988 1056 2054 1113 et
2105 1071 2288 1129 reges

412 1167 476 1203 sc
524 1157 842 1223 opponere
889 1141 1216 1221 evangelio
1263 1145 1546 1221 pergent,
1598 1145 1662 1201 et
1706 1141 2024 1219 reliquum
2055 1141 2289 1219 vulgus

416 1235 520 1291 nih
532 1235 572 1291 il
619 1232 872 1293 minuet
916 1230 997 1292 de
1045 1230 1346 1305 avaricia,
1412 1230 1626 1305 luxu„
1664 1229 1931 1290 libidine
1950 1278 1963 1305 ‚
2036 1234 2100 1290 et
2147 1229 2290 1290 aliis

416 1323 617 1396 armis,
680 1340 843 1399 quae
898 1318 1199 1381 omnibus
1257 1318 1656 1399 temporibus
1705 1318 2058 1380 certissima
2105 1318 2292 1396 signa

416 1411 773 1469 suturarum
818 1408 1252 1469 mutationum
1315 1408 1385 1469 in
1429 1407 1641 1485 regnis
1689 1412 1752 1468 et
1797 1406 2292 1487 Rebuspublicis

416 1507 516 1559 razi
530 1499 781 1559 iterunt.

492 1683 787 1753 nsi-‚quam
844 1680 1061 1736 autem
1123 1673 1203 1735 de
1259 1679 1547 1753 tempore
1593 1674 1844 1736 Hoseae
1902 1677 2154 1734 constat
2211 1692 2297 1733 ex

520 1763 720 1839 titulo,
755 1762 1231 1845 opereprecium
1266 1756 1382 1845 [sic
1397 1756 1435 1845 l]
1464 1761 1684 1824 fecerit
1703 1762 1917 1836 lector,
1955 1762 2012 1822 si
2033 1760 2298 1822 illorum

420 1873 653 1931 rag-sum,
705 1872 865 1932 quos
913 1852 1222 1927 nominat,
1271 1870 1372 1912 res
1419 1855 1647 1929 gestas,
1696 1849 2036 1932 praecipue
2073 1854 2298 1911 autem

416 1943 596 2023 rtfgni
650 1941 848 2003 Israel
899 1940 1235 2003 historiam
1301 1939 1640 2018 diligenter
1697 1938 2066 2019 inspexerit.
2192 1938 2299 1999 Ibi

416 2035 588 2091 min]
657 2049 885 2092 causae
917 2053 931 2060 s
954 2035 1280 2093 tantarum
1350 2028 1791 2090 calamitatum
1858 2032 2295 2089 recensentur.

416 2124 803 2198 Quanquam
862 2140 968 2182 eas
1027 2119 1344 2199 propheta
1405 2137 1661 2197 quoque
1723 2117 2060 2196 diligenter
2127 2136 2299 2178 com-

416 2232 456 2268 n
468 2232 516 2268 11·
527 2213 728 2270 morat
745 2257 759 2283 ,
832 2208 1064 2270 diserte
1124 2207 1300 2268 enim
1356 2207 1638 2269 ostendit
1696 2205 1821 2269 sibi
1888 2226 2038 2268 cum
2096 2225 2301 2284 regno

424 2296 613 2358 Isracl
659 2316 733 2358 ea
780 2297 859 2358 de
901 2316 967 2358 re
999 2295 1340 2375 praecipue
1389 2295 1710 2375 agendum
1759 2315 1913 2370 esse,
1965 2293 2140 2373 quod
2174 2296 2302 2356 etsi

420 2388 560 2448 aliis
606 2406 862 2466 quoque
907 2385 1184 2465 peccatis
1231 2390 1399 2446 esset
1441 2384 1614 2446 varie
1661 2384 1981 2465 pollutum
1999 2433 2012 2459 ‚
2072 2389 2304 2445 tamen

420 2475 841 2537 iah-*lomaniae
912 2473 1163 2536 nullum
1230 2473 1470 2536 faceret
1536 2473 1761 2549 finem,
1832 2493 1987 2534 nam
2043 2471 2301 2552 primus

420 2588 528 2624 rex
592 2564 919 2625 Ierobeam
980 2567 1201 2625 contra
1251 2563 1522 2626 verbum
1584 2561 1688 2623 dei
1757 2561 2121 2624 instituerat
2190 2580 2301 2640 pe-

420 2655 722 2712 culiarem
797 2652 1045 2714 cultum
1115 2652 1340 2714 erectis
1409 2651 1627 2714 vitulis
1693 2651 1764 2711 in
1819 2670 2012 2729 regno
2076 2648 2300 2725 Israel,

420 2760 568 2800 {zum
657 2745 831 2801 totus
922 2739 1200 2820 populus
1290 2740 1617 2802 iuberetur
1706 2760 1838 2801 non
1928 2736 2055 2800 nisi
2143 2737 2301 2799 Hie·

424 2828 753 2908 rosolymis
802 2833 866 2890 et
910 2828 980 2889 in
1025 2829 1266 2908 templo
1315 2828 1686 2890 sacrificare.
1781 2827 1883 2889 Ad
1938 2828 2107 2888 hanc
2164 2824 2302 2888 ido·
2364 2882 2368 2887 .

420 2920 671 2980 latriam
740 2917 927 2979 Ahab
1010 2918 1329 2980 adiecerat
1410 2917 1606 2979 etiam
1685 2917 1932 2978 cultum
1998 2915 2154 2976 Baal
2225 2915 2306 2976 in

424 3012 496 3068 ΗΠ
508 3007 739 3068 mariae
786 3011 1025 3069 monte.
1852 2995 1863 3009 '

600 3095 740 3157 Etsi
786 3101 1003 3158 autem
1048 3095 1380 3157 Ierobeam
1401 3143 1415 3169 ,
1485 3094 1665 3155 cuius
1721 3093 1830 3155 hic
1875 3093 2121 3154 Hoseas
2169 3111 2304 3152 me-

424 3184 642 3258 minit,
730 3185 885 3246 satis
953 3185 1023 3245 in
1090 3183 1362 3264 imperio
1417 3183 1576 3244 felix
1632 3182 1788 3257 fuit,
1861 3186 2081 3243 tamen
2142 3181 2310 3258 quia

420 3272 687 3334 rctinuit
730 3271 1093 3335 idolatricos
1140 3272 1350 3335 cultus
1369 3321 1382 3347 ‚
1432 3291 1470 3333 a
1514 3271 1648 3332 filio
1692 3270 1902 3333 Nebat
1944 3270 2305 3346 institutOS,

423 3364 704 3424 minatur
756 3359 893 3422 eius
954 3360 1314 3441 posteritati
1372 3361 1686 3440 propheta
1740 3359 2029 3421 exitium.
2131 3358 2300 3420 Nam

424 3452 488 3512 111
540 3452 674 3512 eius
720 3449 850 3511 filio
881 3449 1202 3525 Zacharia,
1251 3449 1368 3529 qui
1411 3453 1558 3529 post
1603 3452 1859 3510 sextum
1903 3447 2084 3526 regni
2123 3465 2300 3509 men·

424 3560 560 3600 sem
604 3538 941 3614 occiditur,
1002 3539 1340 3619 posteritas
1385 3538 1549 3599 Iehu
1595 3537 1857 3612 desinit,
1923 3541 1987 3598 et
2031 3539 2315 3598 vexatur

424 3647 691 3704 regnum
734 3628 942 3706 longis
1007 3634 1071 3690 et
1130 3627 1430 3707 gravibus
1489 3625 1912 3689 seditionibus
1973 3644 2047 3686 ac
2093 3624 2308 3687 turbis

424 3716 624 3777 donec
695 3715 957 3778 tandem
1015 3735 1071 3799 a*
1112 3715 1367 3797 Tigleth
1438 3715 1697 3777 Pilleser
1765 3713 2024 3793 Assyrio
2093 3713 2308 3777 tribux=

2561 2498 2574 2512 ›-
2560 2476 2569 2487 -
2556 2157 2574 2453 ,ι-ι-...ιι-ωύιτ,
2571 2132 2574 2140 -
