2575 4225
486 272 586 335 06666
608 274 793 357 prophetae.
841 328 845 336 .
1046 273 1106 336 101

531 443 679 513 GAPV'P
701 445 753 514 Π.

214 594 337 644 (611166
361 579 466 636 totum
489 581 587 655 caput
608 574 730 637 referas
758 573 822 637 dici
846 593 865 636 6
887 574 1045 655 propheta
1067 574 1109 636 ad

228 661 411 741 Apostolos,
435 667 474 725 ut
494 663 542 725 illi
561 663 757 727 adnuntient
776 662 1029 728 misericordiam
1045 662 1108 740 dei,

169 756 238 811 tam
260 750 411 830 gentibus
434 771 533 831 quam
555 752 699 830 Iudaeis,
732 773 798 815 non
820 751 914 816 video
936 752 1016 832 quid
1040 773 1108 834 pro-

169 838 269 918 pheta
306 839 393 903 velit.
454 841 551 904 Ponit
588 861 662 922 ergo
700 842 858 923 propheta
890 841 971 903 haec
1003 841 1039 902 in
1073 861 1109 904 os

168 927 408 1008 Apostolorum,
432 929 551 1009 quibus
572 930 614 992 ad
629 930 728 993 fidem
743 937 835 993 vocet
849 929 995 992 Iudaeos.
1035 929 1109 992 Sen-

169 1016 273 1078 tentia
296 1022 361 1079 est:
385 1018 452 1080 Vos
476 1019 533 1100 qui
556 1018 694 1095 creditis,
719 1019 854 1100 accipite
876 1020 938 1081 hoc
954 1018 1108 1094 officium,

169 1111 207 1166 nt
230 1124 373 1167 sororem
396 1112 537 1170 vestram
560 1127 757 1188 synagogam
780 1108 930 1188 arguatis.

385 1266 433 1328 De
456 1267 563 1330 medio
585 1267 723 1330 uberum
747 1286 887 1331 suorum.

213 1369 313 1433 11611
342 1370 418 1437 sunt
440 1372 504 1454 ipsi
526 1373 687 1451 doctores,
712 1375 769 1454 qui
792 1373 937 1437 doctrina
959 1395 1017 1436 sua
1039 1395 1109 1455 pas·

230 1469 309 1524 cunt
343 1461 511 1544 populum.
569 1461 851 1537 Quemadmodum
886 1464 973 1526 enirn
1007 1469 1110 1527 mater

169 1553 268 1614 lactat
289 1550 450 1614 infantem
480 1551 520 1613 (16
534 1552 720 1628 uberibus,
751 1553 800 1614 ita.
824 1550 934 1616 doctor
964 1553 1111 1615 doctrina

170 1660 229 1703 sua
258 1641 427 1721 populum.
479 1639 513 1702 Si
547 1640 729 1717 1116116116,
765 1641 952 1705 adolescunt
984 1662 1038 1716 ea;
1076 1641 1112 1702 Si

169 1730 269 1805 mala,
301 1734 446 1810 pereunt.
500 1729 599 1792 Totus
630 1736 739 1792 autem
765 1730 820 1791 hie
842 1736 950 1794 textus
973 1751 1039 1794 non
1062 1736 1113 1792 661

169 1817 400 1896 intelligendus
423 1817 462 1879 de
486 1819 694 1898 sequentibus
711 1818 829 1882 Christi
844 1818 1029 1895 adventum,
1054 1817 1110 1881 sed

170 1908 237 1968 iam
260 1906 300 1970 de
324 1907 545 1987 praesentibus
568 1914 601 1970 61
623 1927 717 1988 porro
741 1907 866 1970 suturis.

431 2065 558 2130 Vadam
582 2073 656 2148 post
678 2075 850 2131 amatores:

206 2166 323 2236 unsvn'
356 2171 454 2235 deum
483 2174 636 2250 formare,
669 2180 765 2255 atque
801 2174 922 2237 cultum
952 2173 1111 2237 idolorum

220 2262 406 2339 instituere,
438 2283 504 2326 non
535 2270 583 2326 est
610 2263 712 2325 alium
746 2263 844 2326 deum
872 2262 993 2339 facere,
1023 2263 1110 2344 quod

171 2360 220 2416 est
241 2351 457 2432 impossibile,
486 2372 591 2432 neque
614 2372 652 2414 66
675 2359 723 2415 661
745 2373 837 2416 mens
860 2353 1021 2429 facientis,
1054 2351 1111 2432 qui

171 2437 344 2505 aibitratur
366 2441 428 2503 hoc
450 2442 535 2506 facto
550 2461 662 2506 verum
686 2442 783 2504 deum
806 2443 1016 2523 placaturum.
1053 2442 1112 2503 Est

170 2536 282 2595 autem
304 2524 417 2593 verus³
444 2531 548 2594 cultus
570 2531 744 2607 idolorum,
775 2550 849 2593 cum
872 2529 1035 2591 abutimur
1059 2528 1111 2591 dei

171 2619 304 2683 nomine
341 2618 382 2681 ad
417 2618 610 2700 impiissima
637 2620 823 2696 mendacia,
853 2618 895 2680 ad
926 2637 1037 2699 opero,
1069 2616 1111 2680 ed

171 2709 380 2785 ceremonias,
405 2714 437 2770 et
452 2707 578 2792 somnia
592 2714 717 2771 nostra:
743 2714 910 2790 propterea
930 2706 1017 2787 qnod
1034 2706 1113 2771 deus

172 2820 238 2861 non
254 2798 374 2860 habeat
387 2797 449 2859 hoc
465 2797 644 2873 consilium,
670 2818 774 2877 neque
797 2798 830 2859 id
855 2796 981 2876 cogitet.
1029 2796 1113 2877 Ergo

171 2908 245 2950 mea
268 2885 419 2965 cogitatio
446 2884 539 2965 fingit
562 2886 660 2948 deum
683 2886 770 2966 quod
794 2907 859 2949 non
882 2890 931 2947 est
953 2885 1048 2961 deus,
1081 2891 1120 2947 et·

172 2976 270 3040 tatem
294 2974 398 3054 qualis
421 2993 489 3037 6666
513 2994 618 3056 neque
640 2974 753 3037 haberi
768 2976 845 3039 vult.
893 2973 1111 3035 8611661611-

172 3065 277 3145 plum:
307 3064 377 3126 Rex
398 3063 511 3125 Achab
534 3064 676 3143 erigebat
698 3064 785 3139 Baal,
810 3069 906 3142 atque
929 3062 960 3122 61
982 3061 1115 3123 1166166

173 3153 326 3229 faciebat,
357 3172 423 3215 non
444 3152 507 3214 1166
530 3152 678 3228 nomine,
710 3150 797 3231 quod
820 3150 943 3214 idolum
967 3148 1113 3212 diabolus

174 3248 273 3319 66661,
299 3248 332 3304 61
348 3242 459 3304 cultus
482 3241 535 3302 1116
558 3241 753 3316 diabolicus,
787 3238 843 3303 sed
866 3240 913 3303 116
937 3240 1109 3319 cogitabat:

174 3332 255 3394 Ecce
286 3350 345 3410 ego
375 3330 461 3409 erigo
492 3335 632 3405 statuam
655 3326 868 3392 inhonorem
893 3328 945 3390 dei
967 3328 1034 3392 veri
1056 3327 1113 3407 qui

176 3440 232 3481 nos
261 3417 405 3493 reduxit,
420 3418 459 3479 de
486 3420 626 3499 Aegyto,
661 3419 739 3481 huic
768 3418 829 3481 (166
859 3418 984 3491 offerte,
1016 3420 1113 3497 atquc

175 3508 306 3570 incensa
329 3506 436 3581 facite¹
453 3506 494 3568 ad
517 3506 602 3569 hanc
626 3513 775 3571 statuam.
822 3504 906 3569 Vide
932 3505 1020 3567 hune
1049 3503 1111 3567 cul·

264 3681 292 3750 1)
310 3681 414 3735 Vbera.
452 3679 478 3748 2)
497 3680 615 3735 Falsum
640 3680 727 3736 deum
750 3681 872 3735 formare
891 3680 935 3733 ed.
972 3678 1000 3745 3)
1019 3679 1112 3732 Verus

181 3752 268 3807 cultus
285 3752 435 3814 idolorum.
513 3784 524 3815 ‚—
