2575 4225
199 259 264 325 278
539 261 643 341 Caput
667 262 798 324 tertium

198 441 318 504 iurasse
341 461 417 503 cum
439 460 497 521 per
518 459 671 520 pavorem
694 438 794 520 patris
818 438 868 501 sui
882 438 981 499 Isaac.
1029 438 1081 499 Ibi
1100 438 1141 500 de

198 530 259 592 deo
288 534 320 591 et
350 530 443 591 beato
473 548 589 609 pavore
619 548 695 591 cum
724 527 814 609 loqui
842 528 963 589 clarum
994 532 1051 589 est.
1077 528 1142 589 nt

198 617 428 693 recusanda,
456 638 523 681 non
546 616 660 681 ecdem
683 617 797 679 timore
821 636 841 706 a
863 616 933 677 iure
962 616 1075 677 timere
1106 617 1139 677 li-

198 712 332 782 ctorem,
369 712 402 769 et
438 726 458 767 a
485 705 594 768 liberis
622 706 804 769 beneficum
833 709 1009 785 parentem.
1056 705 1142 777 Quia

198 800 307 858 autem
330 795 487 876 propheta
510 795 627 858 diserte
651 793 756 859 addit:
781 794 948 856 Pavcbunt
963 814 982 855 a
996 794 1142 856 bonitate

199 882 281 959 eius,
313 884 386 964 quis
410 905 477 947 non
498 883 587 949 videt
617 903 775 965 pavorum
804 883 892 946 hune
922 880 1028 946 verius
1056 902 1139 945 reve·

198 973 336 1062 rentiam
359 992 445 1051 esse,
475 978 507 1035 et
529 992 601 1036 acre
624 972 783 1049 studium,
812 993 853 1034 ne
881 977 950 1035 tam
977 972 1141 1035 beneficus

198 1061 279 1124 deus
301 1062 507 1125 offendatur?

288 1151 372 1231 Ergo
395 1172 470 1215 vera
492 1149 654 1213 sententia
676 1155 739 1225 cst,
771 1148 859 1229 quod
881 1148 917 1210 in
940 1169 1023 1211 novo
1046 1155 1140 1213 testa·

197 1245 308 1303 mento
338 1260 395 1320 per
426 1240 628 1319 evangelium
658 1237 899 1319 praedicabitur
924 1237 1011 1300 aliud
1046 1238 1140 1314 nihil,

197 1348 298 1406 quam
325 1328 492 1389 immensa⁴
515 1328 568 1391 dei
597 1328 740 1404 bonitas,
777 1346 859 1406 quae
890 1346 948 1407 per
976 1326 1141 1389 Christum

198 1416 379 1478 filiumdei
401 1421 531 1480 ostensa
552 1423 610 1492 est,
635 1422 668 1479 et
691 1415 778 1496 quod
800 1416 885 1477 hanc
909 1415 1141 1478 cumadmira-

199 1506 286 1567 tione
310 1505 515 1585 amplexurac
539 1511 616 1567 sunt
641 1504 795 1585 reliquiae
824 1504 923 1566 lsrael
951 1509 1022 1566 tum
1056 1504 1142 1569 inter

83 1611 88 1620 ·
199 1599 310 1673 gentes
334 1613 471 1674 sparsae.

288 1681 350 1745 Sed
374 1702 449 1745 cum
471 1683 533 1745 hac
555 1682 791 1764 praedieatione
815 1688 846 1745 et
869 1682 957 1745 cultu
977 1681 1142 1761 quomodo

199 1771 350 1833 convenit
364 1772 525 1853 pontificis
541 1772 696 1847 doctrina,
722 1770 779 1852 qui
794 1769 979 1834 mediatoris
995 1771 1142 1834 officinm

198 1880 220 1921 a
234 1860 360 1924 Christo
383 1861 536 1923 transfert
558 1861 594 1923 in
617 1859 718 1935 divos,
744 1866 776 1924 et
798 1881 863 1922 non
879 1860 1057 1923 bonitatem
1076 1860 1140 1937 dei,

199 1949 256 2011 sed
279 1948 397 2017 durum
426 1955 459 2011 et
487 1949 639 2013 acerbum
667 1948 825 2012 iudicium
852 1948 1036 2029 praedicat?
1082 1949 1142 2011 De·

198 2038 275 2100 inde
303 2038 400 2118 cogit,
437 2045 475 2101 ut
502 2038 652 2101 homines
681 2038 747 2101 suis
778 2038 892 2102 studiis
923 2044 956 2100 et
989 2038 1141 2119 operibus

198 2134 268 2190 tam
291 2127 409 2189 durum
432 2133 465 2190 et
487 2127 727 2209 implacabilem
750 2128 897 2190 animum
912 2127 964 2190 dei
979 2127 1140 2206 mitigent.

199 2217 270 2276 Hae
293 2235 416 2296 poenae
438 2217 553 2280 merito
577 2223 765 2280 consecutae
782 2222 859 2279 sunt
873 2215 1143 2296 ingratitudinem

199 2310 356 2380 nostram,
395 2304 558 2384 siquidem
591 2312 659 2368 tam
694 2306 871 2386 praeclaras
909 2305 1142 2385 prophetarum

199 2393 367 2455 conciones
390 2393 601 2473 negleximus,
630 2400 668 2457 et·
684 2394 855 2456 hominum
878 2393 1008 2456 somnia
1028 2413 1142 2457 sumus

197 2481 357 2545 admirati.
1044 2506 1051 2514 ·

287 2571 491 2651 Singularam
524 2571 622 2652 igitur
655 2572 907 2636 consolationem
941 2572 1002 2634 hoo
1041 2579 1142 2653 caput

198 2660 359 2739 proponit,
384 2665 417 2721 et
439 2681 506 2722 non
529 2666 657 2722 tantum
679 2660 773 2723 docet
792 2680 851 2722 nos
867 2660 907 2722 de
924 2659 1050 2725 Christo
1065 2681 1142 2724 vero

198 2746 273 2822 deo,
304 2747 482 2810 sedetiam
506 2747 666 2827 deregno
690 2748 774 2825 eius,
806 2749 892 2828 quod
922 2749 965 2812 sit
992 2769 1141 2829 regnum,

198 2835 233 2896 in
256 2855 320 2916 quo
343 2857 410 2898 non
432 2841 591 2899 terrentur
613 2836 723 2914 animi,
749 2838 833 2900 sicut
855 2838 974 2918 alege,
999 2837 1055 2900 sed

337 2925 504 3006 eriguntur
527 2926 646 2988 fiducia
668 2926 830 3002 bonitatis,
856 2946 938 3006 quae
961 2928 998 2990 in

370 3015 496 3078 Christo
519 3015 684 3096 proposita
706 3022 763 3092 est,
787 3035 845 3096 per
869 3035 967 3095 quem

411 3105 497 3166 Deus
521 3105 620 3166 etiam
642 3105 863 3184 peccatoribus
886 3104 928 3183 ig·

422 3212 563 3268 noscere,
589 3200 621 3256 et
643 3213 697 3255 eos
720 3193 756 3254 in
779 3192 917 3271 gratiam

445 3281 584 3362 recipere
608 3302 644 3344 ac
668 3281 788 3345 salvare
811 3281 891 3344 vult.
974 3337 977 3344 ,

1279 2341 1284 2434 r
