2575 4225
442 277 569 340 Hoseaa
591 278 775 361 prophetae.
1011 279 1077 343 429

142 450 283 571 ¹Qualis
307 459 424 531 autam,
447 452 591 535 inquies,
615 461 665 519 est
686 476 749 520 vox
772 456 967 520 istatrHaec
987 456 1079 543 nimi-

222 564 306 620 rum,
330 542 371 606 de
393 563 459 625 qua
480 544 627 607 Christus
651 542 730 609 dicit
751 545 864 609 Iohan.
892 540 962 609 16.ῦ
990 545 1079 627 spiri·

139 640 193 698 tus
217 637 347 697 sanctus
370 640 483 713 arguet
503 633 665 696 mundum
686 633 726 697 de
741 641 882 715 peceato,
905 635 1035 699 iusticia
1050 639 1081 697 et

141 722 276 799 iudicio,
307 722 370 785 hoc
392 728 450 799 est,
474 721 687 803 reprehendet
709 723 886 800 mundum,
917 723 1005 805 quod
1027 723 1080 786 ha-

139 811 217 875 beat
238 816 378 892 peccata,
402 810 491 893 quod
513 818 619 875 careat
640 811 784 888 iusticia,
811 813 899 892 quod
921 810 1082 877 iudicatus

138 906 175 964 et
197 899 431 964 condemnatus
454 900 505 963 sit.
552 899 605 963 Sic
628 906 737 963 autem
758 901 887 965 liberari
906 901 1081 984 apeooato,

13 989 14 992 ’
139 988 189 1053 sio
213 988 366 1069 consequi
392 988 571 1065 iusticiam,
602 990 648 1052 sio
677 989 979 1053 condemnationem
1007 991 1082 1054 effu·

13 1081 14 1162 }
140 1098 234 1159 gere,
258 1077 287 1141 si
309 1074 418 1142 credat
438 1078 475 1141 in
497 1077 675 1156 Christum,
706 1077 763 1159 qui
786 1078 931 1143 aseendit
952 1079 994 1142 ad
1017 1099 1083 1142 coe-

142 1168 192 1230 los
215 1172 248 1230 et
270 1167 360 1229 sodet
382 1165 424 1229 ad
447 1166 612 1231 dexteram
629 1166 692 1244 dei,
718 1187 755 1230 ac
770 1167 925 1232 iudicavit
940 1188 997 1231 seu
1013 1187 1082 1230 oon-

12 1281 14 1286 ·
140 1255 312 1319 demnavit
334 1255 500 1332 Satanam,
531 1256 711 1319 secundum
733 1257 813 1338 psal.
840 1250 933 1320 110.Β
960 1262 1083 1319 senten·

142 1344 242 1408 tiam:
267 1342 348 1407 Sede
371 1365 391 1406 a
413 1342 534 1407 dextris
557 1344 649 1422 meis,
673 1345 775 1409 donec
798 1364 918 1428 ponam
937 1344 1084 1409 inimicos

143 1440 218 1498 tuos
242 1433 417 1497 scabellum
439 1432 561 1515 pedum
584 1439 723 1502 tuorum.

235 1522 327 1585 Haec
356 1523 514 1603 evangelii
544 1542 608 1586 vox
636 1542 704 1586 non
731 1522 884 1603 relinquit
910 1521 1086 1587 inanimis

13 1679 15 1710 ν
143 1611 361 1675 securitatem.
392 1612 510 1696 'Nemo
533 1611 621 1674 enim
643 1612 713 1676 vult
735 1612 774 1674 'in
802 1618 970 1677 aeternum
999 1612 1086 1675 dam·

13 1711 15 1728 ¹
147 1700 232 1778 nari,
256 1720 353 1764 nemo
375 1701 445 1765 vult
468 1720 536 1764 esse
560 1701 621 1763 sub
643 1700 691 1787 ira
714 1699 775 1762 dei.
821 1701 909 1763 Iram
931 1702 984 1763 dei
1007 1702 1087 1781 fugi-

145 1808 238 1866 mus,
267 1795 300 1853 et
322 1790 423 1854 vitam
445 1795 609 1852 aeternam
633 1788 824 1870 expetimus.
870 1790 985 1869 Itaque
1014 1808 1089 1852 cum

143 1880 228 1941 haec
250 1878 335 1943 vitae
364 1884 563 1960 proponatur
589 1877 657 1954 via,
689 1876 842 1942 deserunt
871 1898 984 1941 omnes
1014 1896 1088 1941 suas

146 1967 232 2043 uae,
261 1986 342 2047 quas
365 1966 477 2030 vident
503 1965 668 2043 damnari,
698 1972 731 2030 et
757 1966 914 2038 insistunt
940 1964 976 2029 in
1003 1966 1089 2029 hanc

147 2054 226 2120 fidei
247 2056 345 2134 viam,
368 2074 451 2137 quae
474 2056 542 2120 sola
563 2056 654 2122 ducit
676 2055 719 2120 ad
742 2060 905 2120 aeternam
928 2056 1038 2120 vitam.

237 2145 342 2228 Igitur
363 2145 539 2227 prophetae
561 2144 692 2226 quoque
714 2164 787 2218 non,
804 2145 881 2210 satis
897 2144 960 2209 fuit
975 2145 1088 2222 dicere,

145 2233 238 2317 quod
261 2240 476 2318 expavescent
498 2255 518 2297 a
540 2234 649 2315 rugitu
663 2235 767 2298 leonis
782 2233 843 2296 filii
857 2235 899 2298 ab
915 2234 1089 2310 occidente,

148 2324 303 2406 Aegyptii
325 2329 359 2388 et
379 2323 520 2404 Assyrii,
549 2323 607 2386 sed
629 2323 735 2387 addit:
774 2323 933 2387 Dominus
956 2343 1010 2387 eos
1036 2323 1090 2386 ha·

149 2413 254 2477 bitere
277 2412 374 2476 faciet
395 2413 432 2475 in
454 2412 605 2487 domibus
628 2412 709 2488 suis,
742 2412 806 2476 hoo
828 2418 889 2489 est,
919 2417 1092 2493 postquam

145 2502 213 2566 'hoc
234 2500 331 2566 modo
354 2522 412 2583 per
434 2501 636 2581 evangelium
665 2501 783 2576 territi,
811 2497 1000 2581 reliquerint
1026 2499 1091 2563 ido·

149 2589 289 2668 latriam,
312 2590 349 2652 in
371 2609 437 2671 qua
459 2591 549 2672 prius
564 2609 676 2653 secure
689 2590 849 2666 vivebant,
874 2589 1027 2653 dominus
1046 2588 1092 2652 eis

149 2679 300 2761 ostendet
322 2678 460 2756 nidulos,
484 2679 662 2761 inquibus
686 2698 795 2743 secure
817 2677 975 2756 habitent,
1000 2697 1092 2742 evan·

146 2769 274 2848 gelium
297 2767 385 2830 enim
407 2788 474 2832 non
495 2773 625 2833 tantum
648 2767 689 2830 de
712 2774 842 2850 peccato
869 2765 975 2848 arguit
1001 2786 1092 2830 mun·

147 2857 248 2934 dum,
278 2857 335 2920 sed
357 2856 451 2921 docet
473 2877 582 2920 veram
603 2857 781 2934 iusticiam,
811 2857 963 2938 proponit
990 2857 1094 2918 filium

151 2946 221 3023 dei,
252 2946 376 3009 factum
398 2945 645 3027 victimampro
669 2945 948 3026 peccatisnostris
972 2963 1013 3006 ex
1042 2963 1092 3006 vo·

151 3037 279 3102 luntate
302 3035 353 3098 sui
375 3034 485 3116 patris,
510 3055 548 3096 ao
562 3033 771 3097 resurrexisse
787 3040 917 3116 propter
932 3032 1095 3095 iusticiam

153 3131 308 3188 nostram.
365 3124 438 3186 Hoc
471 3123 591 3186 nuncio
625 3121 792 3202 eriguntur
829 3121 945 3199 animi,
984 3109 1118 3185 videut'

152 3213 244 3277 euim
267 3233 301 3275 se
324 3212 416 3292 diligi
437 3232 457 3274 a
480 3212 555 3288 dec,
587 3210 700 3275 vident
722 3211 821 3277 deum
848 3232 914 3275 non
944 3210 1096 3273 delectari

38 3319 44 3329 ·
153 3301 300 3384 ipsorum
325 3307 436 3378 morte,
461 3301 518 3364 sed
541 3301 630 3377 velle,
655 3305 693 3362 ut
715 3300 847 3364 credant
869 3307 901 3362 et
923 3300 1094 3364 salventur:
1159 3339 1160 3342 =

153 3391 270 3476 Itaque
291 3391 354 3453 hec
375 3391 540 3455 voluntate
563 3390 616 3452 dei
639 3409 674 3452 se
695 3389 909 3465 consolantur,
935 3408 971 3450 ac
987 3385 1096 3451 trium·

154 3481 261 3562 phant
283 3480 381 3542 etiam
403 3481 439 3541 in
461 3479 611 3561 periculis
634 3484 666 3542 et
694 3478 933 3542 afflictionibus.
979 3477 1098 3539 Parum

153 3569 247 3632 enim
270 3575 333 3645 est,
365 3568 453 3648 quod
476 3568 519 3632 ad
546 3573 676 3650 tempus
704 3567 756 3630 hio
788 3567 991 3647 affliguntur,
1024 3586 1097 3649 spes

160 3690 374 3705 m

248 3761 276 3831 1)
296 3761 447 3830 Evangelii
464 3760 647 3830 praedicatio.
684 3759 712 3828 2)
731 3759 793 3814 Ioh.
811 3758 852 3812 16.
889 3758 918 3826 3)
941 3759 1016 3814 Psal.
1037 3755 1097 3812 110.
