2575 4225
199 256 267 333 234
520 268 625 351 Caput
648 268 827 335 secundum

197 446 259 511 sed
280 446 344 511 alio
359 446 466 523 modo,
490 464 569 509 nam
582 447 619 510 in
635 447 722 528 Syna
743 444 890 511 horribili
910 460 987 511 voce
1007 446 1136 511 locuta

200 540 259 617 est,
282 534 338 597 hic
361 542 471 615 autem
492 534 611 599 blande
632 537 787 617 loquitur.

295 618 395 687 1(ὶιιιιι
421 625 488 687 iam
510 631 666 707 occupata
687 625 812 689 Iericho
834 644 855 687 a
876 624 972 689 Iosaa
999 622 1140 687 introdu-

199 716 325 775 ceretur
352 710 491 795 populns
521 714 558 776 in
579 721 698 778 terram
720 714 928 796 promissam,
959 710 1143 777 habuerunt

199 802 318 864 vallem
340 803 462 879 Achor,
490 802 616 883 inqua
641 802 789 867 turbatus
815 810 865 867 est
885 802 984 865 lsrael
1012 808 1143 883 propter

199 895 371 971 peccatum
384 885 528 953 Achen'
569 893 620 955 Ita
640 892 696 955 hic
712 910 840 972 quoque
862 891 943 955 dicit
957 888 1143 954 habituram

199 978 368 1042 eeclesiam
390 998 484 1042 suam
505 981 623 1043 vallem
644 980 764 1057 Achor,
788 980 850 1046 hoc
873 986 936 1057 est,
961 984 1144 1043 crucem'et

200 1068 352 1150 pericula,
377 1068 434 1132 scd
448 1068 619 1132 dominum
633 1069 870 1151 mitigaturum·
880 1070 960 1131 haec
975 1074 1062 1132 certa
1084 1086 1141 1149 spe

199 1157 286 1221 vitae
309 1163 467 1220 aeternae.
877 1184 880 1189 ·
922 1223 924 1227 .
1044 1182 1047 1185 ·

199 1267 206 1272 ·
295 1238 444 1323 ”Quarto
467 1247 607 1329 populus
626 1266 667 1308 ex
681 1248 830 1328 Aegypto
853 1263 997 1327 egressas
1020 1251 1053 1309 et
1068 1244 1144 1308 libe·

199 1339 289 1397 ratus
319 1327 540 1411 aPharaone,
575 1336 664 1398 canit
691 1334 804 1398 laudm
833 1335 903 1398 deo.
948 1334 1000 1398 Ita
1023 1334 1060 1397 in
1082 1332 1144 1397 hoo

200 1441 285 1486 novo
313 1440 413 1504 regno
442 1424 589 1487 futurum
612 1424 704 1501 dicit,
735 1430 773 1487 ut
802 1428 921 1488 canant
948 1422 1060 1486 laudes
1084 1418 1145 1488 deo

199 1532 260 1593 pro
282 1517 352 1574 tam
372 1513 545 1593 magnifica
566 1512 765 1576 liberatione.
810 1512 875 1576 Hic
899 1511 987 1575 enim
1009 1511 1145 1575 demum

200 1618 296 1664 verus
318 1601 424 1665 cultus
447 1608 504 1678 est,
529 1602 681 1683 amplecti
702 1602 847 1679 verbum,
872 1620 929 1664 seu
952 1599 1088 1677 credere,
1114 1606 1147 1664 et

200 1695 315 1771 postea
336 1690 496 1767 confiteri,
524 1696 562 1753 ut
583 1690 821 1773 praedicatione
843 1689 934 1755 verbi
956 1689 1055 1753 etiam
1078 1704 1145 1753 cae·

199 1778 262 1841 'teri
284 1778 327 1841 ad
348 1779 567 1859 cognitionem
590 1778 710 1843 Christi
731 1779 917 1844 invitentur.
1046 1848 1056 1865 κ

291 1867 381 1941 Quae
403 1874 516 1949 postea
536 1868 696 1950 propheta
717 1886 820 1949 usque
843 1867 886 1931 ad
906 1867 1006 1931 finem
1029 1864 1145 1949 capitis

200 1955 332 2019 subiicit
346 1956 387 2019 de
402 1976 490 2038 pace,
507 1957 548 2020 de
564 1964 693 2020 aeterno
708 1956 845 2034 foedere,
870 1956 910 2019 de
925 1954 1143 2031 exauditione,

201 2063 241 2126 ea
263 2044 427 2126 pertinent
448 2045 492 2109 ad
513 2044 611 2109 huius
625 2046 718 2128 regni
740 2044 870 2109 divisim
893 2050 926 2108 et
948 2042 1035 2107 dona
1056 2063 1145 2127 prae

201 2132 350 2195 dicanda.
527 2185 532 2192 .
795 2129 797 2134 ’

200 2220 206 2270 J
291 2219 387 2285 Hanc
409 2223 603 2286 sententiam
625 2223 827 2306 sicbreviter
850 2229 1013 2288 ostensam
1035 2222 1147 2288 confer

200 2316 290 2374 cum'
309 2310 445 2374 eliorum
474 2311 745 2393 expositionibus,
778 2319 810 2375 et
832 2312 1002 2394 apparebit
1024 2312 1059 2374 in
1081 2312 1145 2375 hoc

201 2397 286 2463 nihil
301 2405 459 2477 coactum,
481 2400 566 2465 nihil
587 2401 741 2479 alienum,
766 2401 849 2464 nihil
870 2401 1075 2465 incommode
1091 2399 1145 2463 ad·

202 2488 325 2553 fictum.
371 2489 461 2553 Sicut
486 2490 589 2554 multa
611 2489 732 2570 fingere
759 2510 814 2554 eos
837 2509 966 2554 necesse
989 2495 1054 2566 est,
1087 2489 1148 2569 qui

201 2577 312 2640 minus
334 2577 499 2659 propriam
518 2578 714 2642 sententiam
736 2576 924 2659 sequuntur.
968 2578 1034 2642 Sed
1056 2597 1146 2642 nunc

201 2662 315 2727 ordine
338 2666 572 2747 explicabimus
594 2668 732 2748 singula.
962 2693 965 2700 ’
1063 2671 1065 2675 ’

203 2803 365 2918 veebum
391 2807 607 2888 persuadendi
635 2808 769 2872 Ebraeis
798 2815 847 2873 est
877 2807 998 2886 ,Patha‘
1029 2829 1049 2872 a
1077 2823 1146 2888 quo

121 2885 133 2914 i
268 2895 339 2959 sine
361 2896 461 2976 dubio
484 2916 633 2978 graecum
661 2896 769 2962 πείθω
792 2898 914 2961 factum
937 2904 999 2976 est,
1028 2904 1061 2961 et
1083 2895 1146 2961 for·

199 2990 287 3049 tasse
309 2985 408 3048 etiam
431 2977 563 3050 ἆπατᾶω
586 2992 619 3050 et
641 2979 768 3062 ἀπάται,
793 3006 871 3050 nam
893 2985 1055 3051 Ilbraeum
1077 3005 1148 3051 ver·
1207 3011 1211 3018 ·

201 3072 283 3136 bum
305 3094 400 3158 saepe
423 3081 596 3157 usurpatur
619 3097 677 3157 pro
700 3074 856 3156 decipere,
881 3082 919 3140 ut
944 3070 1066 3139 ‘lixod
1087 3071 1147 3139 22.

200 3160 332 3241 Siquis
361 3162 523 3246 deceperit
545 3165 697 3246 pueliam.
747 3157 913 3228 ⁶Proverb.
941 3166 968 3227 1.
998 3161 1088 3241 lili,
1118 3165 1152 3229 si

201 3256 234 3314 te
264 3249 453 3316 lactaverint
479 3246 689 3334 peccatores.⁶
715 3253 775 3316 Ier.
805 3253 857 3316 20.
910 3252 1062 3330 Domine,
1099 3271 1151 3318 se·

199 3336 402 3416 durissime,
429 3346 463 3404 et
485 3341 635 3406 seductus
652 3341 736 3406 sumss
766 3327 826 3404 Est
847 3338 936 3404 enini
950 3339 1138 3406 vocabulum
1181 3359 1184 3361 ’

199 3503 205 3524 ²
292 3513 320 3582 1)
332 3513 358 3567 e.
395 3513 423 3582 a)
442 3514 498 3568 10³.
511 3513 537 3568 r.
575 3511 604 3579 3)
617 3511 660 3569 4.·
696 3514 724 3583 4)
744 3514 892 3570 exosas.
925 3493 1134 3583 amovear

200 3581 231 3651 o)
249 3583 351 3638 arens
369 3584 414 3639 ao.

292 3743 317 3811 ⁸)
336 3743 425 3798 Deest
443 3745 475 3800 in
494 3745 557 3800 coll.
576 3745 636 3800 len.
